timestamp,buyer,seller,component,qty,price,traced,eventType
310256,l32,X6,c2,36226,6.41,True,NOTINVOLVED_PURCHASE
335524,l25,X4,c6,76972,9.36,True,NOTINVOLVED_PURCHASE
344990,l24,X4,c5,100223,11.29,True,NOTINVOLVED_PURCHASE
391838,l19,X1,c4,67099,11.73,True,NOTINVOLVED_PURCHASE
401601,l11,X4,c2,37532,5.82,True,NOTINVOLVED_PURCHASE
415135,l3,X5,c4,87826,16.25,True,NOTINVOLVED_PURCHASE
424533,l37,X1,c1,78262,3.24,True,NOTINVOLVED_PURCHASE
431211,l12,X3,c4,103288,9.99,True,NOTINVOLVED_PURCHASE
433557,l34,X5,c4,77277,9.58,True,NOTINVOLVED_PURCHASE
440499,l2,X0,c6,92517,3.1,True,NOTINVOLVED_PURCHASE
446881,l13,X2,c5,65063,10.51,True,NOTINVOLVED_PURCHASE
460173,l35,X0,c5,52986,19.64,True,NOTINVOLVED_PURCHASE
475544,l18,X6,c6,80295,4.28,True,NOTINVOLVED_PURCHASE
480910,A6,X1,c4,36022,6.44,True,NORMAL_PURCHASE
496663,l36,X2,c4,56047,7.92,True,NOTINVOLVED_PURCHASE
505791,l21,X4,c2,84047,7.79,True,NOTINVOLVED_PURCHASE
516369,l31,X4,c4,117890,13.52,True,NOTINVOLVED_PURCHASE
524566,l26,X0,c4,87273,7.52,True,NOTINVOLVED_PURCHASE
557106,l29,X0,c4,70431,5.77,True,NOTINVOLVED_PURCHASE
568831,l30,X0,c4,62327,11.06,True,NOTINVOLVED_PURCHASE
593910,l0,X6,c2,113226,6.73,True,NOTINVOLVED_PURCHASE
598876,l14,X4,c4,113173,11.1,True,NOTINVOLVED_PURCHASE
600412,l4,X4,c2,62824,7.17,True,NOTINVOLVED_PURCHASE
602928,l28,X3,c4,47970,5.92,True,NOTINVOLVED_PURCHASE
611279,l17,X2,c6,107411,3.62,True,NOTINVOLVED_PURCHASE
632269,l20,X5,c6,115221,8.01,True,NOTINVOLVED_PURCHASE
637989,l33,X1,c3,111683,3.03,True,NOTINVOLVED_PURCHASE
648226,l5,X0,c5,99113,13.71,True,NOTINVOLVED_PURCHASE
653216,l10,X5,c4,100167,10.05,True,NOTINVOLVED_PURCHASE
658412,l27,X5,c6,82779,8.97,True,NOTINVOLVED_PURCHASE
661173,A4,X0,c4,55546,5.51,True,NORMAL_PURCHASE
668027,l15,X6,c6,49226,10.23,True,NOTINVOLVED_PURCHASE
676683,A5,X1,c6,105381,8.34,True,NORMAL_PURCHASE
689530,A3,X0,c1,85969,2.0,True,NORMAL_PURCHASE
735718,l39,X6,c2,104797,5.83,True,NOTINVOLVED_PURCHASE
737710,l7,X1,c3,82596,2.13,True,NOTINVOLVED_PURCHASE
748173,A2,X1,c3,75772,5.56,True,NORMAL_PURCHASE
770130,A1,a5,c3,113835,6.06,True,SHADOW_PURCHASE1
776737,l16,X3,c1,35120,3.53,True,NOTINVOLVED_PURCHASE
789279,l38,X3,c1,64056,2.64,True,NOTINVOLVED_PURCHASE
795485,A7,a3,c6,75159,8.52,True,SHADOW_PURCHASE1
800571,l6,X3,c1,66131,2.11,True,NOTINVOLVED_PURCHASE
810401,l8,X5,c6,85673,4.15,True,NOTINVOLVED_PURCHASE
829557,l22,X5,c4,111679,11.94,True,NOTINVOLVED_PURCHASE
854195,l1,X6,c2,70198,4.64,True,NOTINVOLVED_PURCHASE
873404,l23,X2,c5,77997,27.33,True,NOTINVOLVED_PURCHASE
890855,A0,X6,c6,83955,5.12,True,NORMAL_PURCHASE
903193,l9,X3,c1,103668,3.07,True,NOTINVOLVED_PURCHASE
1018939,a5,x1,c3,113835,3.27,False,SHADOW_PURCHASE2
1076667,a3,x0,c6,75159,5.9,False,SHADOW_PURCHASE2
1287984,x1,X1,c3,113835,2.18,True,SHADOW_PURCHASE3
1319891,x0,X1,c6,75159,2.11,True,SHADOW_PURCHASE3
2771185,l25,X3,c4,108397,4.96,True,NOTINVOLVED_PURCHASE
2788732,l32,X3,c1,30264,2.14,True,NOTINVOLVED_PURCHASE
2809174,l2,X3,c4,119292,9.18,True,NOTINVOLVED_PURCHASE
2844191,l19,X5,c6,115312,8.85,True,NOTINVOLVED_PURCHASE
2864138,l37,X3,c1,104825,2.17,True,NOTINVOLVED_PURCHASE
2871981,l24,X2,c6,87668,9.68,True,NOTINVOLVED_PURCHASE
2907811,l36,X2,c6,99547,4.68,True,NOTINVOLVED_PURCHASE
2949685,l13,X1,c4,33346,6.33,True,NOTINVOLVED_PURCHASE
2951361,l12,X3,c4,46434,7.71,True,NOTINVOLVED_PURCHASE
2962641,l26,X0,c5,64607,6.93,True,NOTINVOLVED_PURCHASE
3054178,l4,X3,c1,103392,2.12,True,NOTINVOLVED_PURCHASE
3069569,l35,X4,c4,116213,15.82,True,NOTINVOLVED_PURCHASE
3084552,l33,X2,c4,98825,13.4,True,NOTINVOLVED_PURCHASE
3091464,A4,a1,c3,62464,5.49,True,SHADOW_PURCHASE1
3120062,l21,X5,c6,117282,9.99,True,NOTINVOLVED_PURCHASE
3127582,l15,X4,c4,72018,11.17,True,NOTINVOLVED_PURCHASE
3140796,A6,X5,c6,73916,8.49,True,NORMAL_PURCHASE
3160483,l5,X1,c1,78474,3.14,True,NOTINVOLVED_PURCHASE
3168376,l3,X0,c4,105619,7.89,True,NOTINVOLVED_PURCHASE
3168871,l0,X1,c6,35117,8.8,True,NOTINVOLVED_PURCHASE
3211390,l18,X4,c2,95706,5.21,True,NOTINVOLVED_PURCHASE
3214836,A5,a2,c5,73875,9.55,True,SHADOW_PURCHASE1
3224294,l20,X5,c6,56845,9.48,True,NOTINVOLVED_PURCHASE
3253927,l14,X4,c2,32066,9.42,True,NOTINVOLVED_PURCHASE
3272119,l34,X1,c6,113693,5.68,True,NOTINVOLVED_PURCHASE
3279194,l28,X4,c4,88756,7.87,True,NOTINVOLVED_PURCHASE
3287562,l11,X0,c6,64155,2.74,True,NOTINVOLVED_PURCHASE
3292195,l7,X2,c5,101041,15.9,True,NOTINVOLVED_PURCHASE
3299393,l29,X2,c5,76370,7.73,True,NOTINVOLVED_PURCHASE
3308663,l39,X6,c2,108659,11.08,True,NOTINVOLVED_PURCHASE
3322746,A7,a5,c2,60010,7.47,True,SHADOW_PURCHASE1
3330154,l30,X1,c3,111272,2.46,True,NOTINVOLVED_PURCHASE
3336350,a1,x5,c3,62464,5.4,False,SHADOW_PURCHASE2
3339685,l31,X2,c5,75874,14.31,True,NOTINVOLVED_PURCHASE
3351186,A1,X1,c1,31288,2.44,True,NORMAL_PURCHASE
3367609,A0,X2,c4,30607,11.5,True,NORMAL_PURCHASE
3397461,l17,X5,c4,115345,9.31,True,NOTINVOLVED_PURCHASE
3429004,l1,X5,c6,33188,6.92,True,NOTINVOLVED_PURCHASE
3435909,l38,X5,c4,84475,14.27,True,NOTINVOLVED_PURCHASE
3440834,l9,X6,c2,44576,12.74,True,NOTINVOLVED_PURCHASE
3477180,l22,X4,c2,96075,5.6,True,NOTINVOLVED_PURCHASE
3487924,A3,X0,c6,76741,8.74,True,NORMAL_PURCHASE
3495736,a2,x2,c5,73875,5.33,False,SHADOW_PURCHASE2
3513934,l10,X5,c6,107465,8.61,True,NOTINVOLVED_PURCHASE
3519388,l8,X3,c4,44852,13.5,True,NOTINVOLVED_PURCHASE
3539271,l27,X6,c2,114042,13.32,True,NOTINVOLVED_PURCHASE
3578867,l16,X3,c1,110285,3.55,True,NOTINVOLVED_PURCHASE
3580697,A2,X5,c6,50175,10.12,True,NORMAL_PURCHASE
3585094,a5,x2,c2,60010,6.65,False,SHADOW_PURCHASE2
3588728,x5,X1,c3,62464,2.74,True,SHADOW_PURCHASE3
3603699,l6,X3,c1,71972,2.89,True,NOTINVOLVED_PURCHASE
3615721,l23,X5,c4,113471,6.53,True,NOTINVOLVED_PURCHASE
3772410,x2,X2,c5,73875,3.73,True,SHADOW_PURCHASE3
3822922,x2,X4,c2,60010,4.42,True,SHADOW_PURCHASE3
5313761,l25,X4,c6,58815,6.59,True,NOTINVOLVED_PURCHASE
5338352,l2,X0,c4,74673,12.85,True,NOTINVOLVED_PURCHASE
5355597,l12,X6,c2,62378,11.76,True,NOTINVOLVED_PURCHASE
5360956,l13,X4,c4,96277,15.68,True,NOTINVOLVED_PURCHASE
5395431,l32,X2,c5,104788,15.35,True,NOTINVOLVED_PURCHASE
5448686,l37,X0,c5,33560,19.95,True,NOTINVOLVED_PURCHASE
5483174,l35,X0,c4,32552,12.56,True,NOTINVOLVED_PURCHASE
5515074,l36,X2,c6,60979,10.4,True,NOTINVOLVED_PURCHASE
5524862,l26,X0,c1,67799,3.33,True,NOTINVOLVED_PURCHASE
5591312,A6,a4,c4,85639,11.24,True,SHADOW_PURCHASE1
5631597,l15,X3,c4,103133,4.83,True,NOTINVOLVED_PURCHASE
5633978,l24,X6,c2,37503,5.63,True,NOTINVOLVED_PURCHASE
5654755,l33,X5,c6,97283,8.14,True,NOTINVOLVED_PURCHASE
5674419,l19,X1,c6,116859,8.07,True,NOTINVOLVED_PURCHASE
5676567,l21,X5,c6,62075,3.15,True,NOTINVOLVED_PURCHASE
5725154,l3,X1,c3,93803,4.55,True,NOTINVOLVED_PURCHASE
5727028,l20,X6,c2,81082,6.56,True,NOTINVOLVED_PURCHASE
5738931,l18,X6,c6,108951,6.71,True,NOTINVOLVED_PURCHASE
5749555,l34,X4,c5,33661,24.02,True,NOTINVOLVED_PURCHASE
5760467,l29,X1,c1,107056,3.62,True,NOTINVOLVED_PURCHASE
5773858,l5,X5,c4,96656,13.87,True,NOTINVOLVED_PURCHASE
5780617,A0,X3,c1,62784,3.89,True,NORMAL_PURCHASE
5791331,A4,X5,c6,66542,9.83,True,NORMAL_PURCHASE
5795298,l4,X6,c2,107509,11.74,True,NOTINVOLVED_PURCHASE
5808947,A5,X4,c2,98236,10.7,True,NORMAL_PURCHASE
5819753,l11,X0,c5,96303,22.35,True,NOTINVOLVED_PURCHASE
5843581,l7,X0,c4,94621,11.34,True,NOTINVOLVED_PURCHASE
5844248,a4,x5,c4,85639,8.24,False,SHADOW_PURCHASE2
5921545,l14,X4,c4,103162,15.7,True,NOTINVOLVED_PURCHASE
5937795,l30,X3,c1,119319,2.3,True,NOTINVOLVED_PURCHASE
5948872,l31,X5,c6,31362,8.02,True,NOTINVOLVED_PURCHASE
5980898,l28,X3,c1,61185,3.15,True,NOTINVOLVED_PURCHASE
5982468,A2,X0,c5,95615,18.86,True,NORMAL_PURCHASE
6005653,l6,X5,c6,105463,9.01,True,NOTINVOLVED_PURCHASE
6036589,l23,X0,c4,67348,11.9,True,NOTINVOLVED_PURCHASE
6040708,l9,X4,c4,106067,6.89,True,NOTINVOLVED_PURCHASE
6044576,l0,X1,c1,65183,2.98,True,NOTINVOLVED_PURCHASE
6092120,x5,X1,c4,85639,7.39,True,SHADOW_PURCHASE3
6104284,l38,X5,c4,55810,7.52,True,NOTINVOLVED_PURCHASE
6129996,A3,a0,c2,35550,6.75,True,SHADOW_PURCHASE1
6136969,A7,X1,c3,111134,5.64,True,NORMAL_PURCHASE
6140398,l39,X2,c5,97888,18.92,True,NOTINVOLVED_PURCHASE
6148808,l17,X1,c4,41193,15.92,True,NOTINVOLVED_PURCHASE
6160015,l22,X2,c6,74022,6.08,True,NOTINVOLVED_PURCHASE
6176704,A1,X0,c4,59161,6.99,True,NORMAL_PURCHASE
6212923,l1,X4,c6,42262,3.62,True,NOTINVOLVED_PURCHASE
6217559,l8,X5,c6,117125,8.23,True,NOTINVOLVED_PURCHASE
6354676,l10,X6,c2,60825,6.62,True,NOTINVOLVED_PURCHASE
6372015,l16,X6,c6,88790,3.1,True,NOTINVOLVED_PURCHASE
6380188,l27,X4,c6,39303,9.39,True,NOTINVOLVED_PURCHASE
6398564,a0,x4,c2,35550,4.44,False,SHADOW_PURCHASE2
6673683,x4,X4,c2,35550,2.48,True,SHADOW_PURCHASE3
7988942,l37,X1,c3,41291,4.27,True,NOTINVOLVED_PURCHASE
8063467,l15,X5,c4,68465,7.25,True,NOTINVOLVED_PURCHASE
8064360,l13,X4,c2,94542,12.41,True,NOTINVOLVED_PURCHASE
8079121,l36,X5,c4,56178,12.67,True,NOTINVOLVED_PURCHASE
8096873,l32,X2,c6,84786,9.69,True,NOTINVOLVED_PURCHASE
8117045,l2,X0,c6,36696,4.85,True,NOTINVOLVED_PURCHASE
8130909,l25,X4,c6,38974,5.77,True,NOTINVOLVED_PURCHASE
8147530,l33,X1,c6,113194,7.29,True,NOTINVOLVED_PURCHASE
8179611,l35,X4,c4,110811,13.29,True,NOTINVOLVED_PURCHASE
8183944,l12,X0,c5,86127,26.51,True,NOTINVOLVED_PURCHASE
8249758,l20,X6,c6,51240,6.93,True,NOTINVOLVED_PURCHASE
8253526,A6,X1,c3,39733,5.7,True,NORMAL_PURCHASE
8277259,l29,X0,c6,103035,7.98,True,NOTINVOLVED_PURCHASE
8283162,A4,X6,c6,46980,7.08,True,NORMAL_PURCHASE
8284478,l18,X4,c5,50067,8.86,True,NOTINVOLVED_PURCHASE
8295997,A0,X2,c4,53144,8.45,True,NORMAL_PURCHASE
8311935,l19,X0,c1,43374,3.85,True,NOTINVOLVED_PURCHASE
8355993,l7,X1,c6,37564,5.65,True,NOTINVOLVED_PURCHASE
8366290,l3,X1,c3,67916,3.33,True,NOTINVOLVED_PURCHASE
8388055,l26,X1,c4,47433,8.69,True,NOTINVOLVED_PURCHASE
8415806,l11,X3,c1,83242,2.5,True,NOTINVOLVED_PURCHASE
8426164,l31,X4,c2,87229,3.63,True,NOTINVOLVED_PURCHASE
8437429,l4,X4,c5,67480,21.6,True,NOTINVOLVED_PURCHASE
8476338,A5,a1,c2,32702,10.2,True,SHADOW_PURCHASE1
8498754,l24,X3,c4,37731,15.39,True,NOTINVOLVED_PURCHASE
8526272,l21,X3,c1,31895,3.31,True,NOTINVOLVED_PURCHASE
8529847,l38,X3,c1,55071,3.0,True,NOTINVOLVED_PURCHASE
8536193,l0,X2,c1,108300,3.77,True,NOTINVOLVED_PURCHASE
8552921,A1,X0,c6,109021,5.09,True,NORMAL_PURCHASE
8563263,l34,X5,c6,51372,8.07,True,NOTINVOLVED_PURCHASE
8570285,l6,X1,c3,70952,5.41,True,NOTINVOLVED_PURCHASE
8573134,l28,X4,c5,72889,9.07,True,NOTINVOLVED_PURCHASE
8573439,l23,X0,c5,107703,8.59,True,NOTINVOLVED_PURCHASE
8610469,l5,X1,c4,116188,6.16,True,NOTINVOLVED_PURCHASE
8635532,l30,X0,c6,96607,10.07,True,NOTINVOLVED_PURCHASE
8661938,A7,a1,c6,94157,6.33,True,SHADOW_PURCHASE1
8665940,l17,X6,c2,82132,9.11,True,NOTINVOLVED_PURCHASE
8680570,l8,X3,c4,56763,15.16,True,NOTINVOLVED_PURCHASE
8714549,A2,X0,c1,38045,2.08,True,NORMAL_PURCHASE
8721941,l39,X4,c2,97132,11.59,True,NOTINVOLVED_PURCHASE
8730796,l10,X1,c3,56127,3.11,True,NOTINVOLVED_PURCHASE
8732476,a1,x1,c2,32702,8.48,False,SHADOW_PURCHASE2
8737588,l14,X6,c6,116593,5.14,True,NOTINVOLVED_PURCHASE
8826171,l9,X6,c6,62413,5.35,True,NOTINVOLVED_PURCHASE
8829152,l16,X3,c4,119723,10.57,True,NOTINVOLVED_PURCHASE
8869990,l1,X0,c5,98100,25.56,True,NOTINVOLVED_PURCHASE
8934717,a1,x2,c6,94157,3.06,False,SHADOW_PURCHASE2
8982084,x1,X4,c2,32702,4.29,True,SHADOW_PURCHASE3
8989911,l22,X5,c6,79872,3.02,True,NOTINVOLVED_PURCHASE
9000036,A3,X0,c5,106620,16.84,True,NORMAL_PURCHASE
9107139,l27,X3,c4,110231,9.48,True,NOTINVOLVED_PURCHASE
9184221,x2,X2,c6,94157,2.33,True,SHADOW_PURCHASE3
10529470,l13,X1,c3,83945,5.98,True,NOTINVOLVED_PURCHASE
10549411,l15,X4,c4,35356,5.37,True,NOTINVOLVED_PURCHASE
10682093,l29,X1,c3,91401,5.09,True,NOTINVOLVED_PURCHASE
10732405,l2,X3,c4,43038,6.92,True,NOTINVOLVED_PURCHASE
10738940,l18,X0,c5,92116,22.03,True,NOTINVOLVED_PURCHASE
10742388,l37,X6,c2,77046,4.27,True,NOTINVOLVED_PURCHASE
10771478,A0,a1,c4,86910,6.11,True,SHADOW_PURCHASE1
10818319,l32,X5,c6,105248,8.67,True,NOTINVOLVED_PURCHASE
10820100,l4,X4,c4,44410,8.67,True,NOTINVOLVED_PURCHASE
10861150,l36,X1,c6,49511,4.51,True,NOTINVOLVED_PURCHASE
10880622,l33,X2,c1,51831,3.02,True,NOTINVOLVED_PURCHASE
10896194,l25,X4,c2,87575,11.34,True,NOTINVOLVED_PURCHASE
10932702,A1,X1,c4,42369,7.94,True,NORMAL_PURCHASE
10938093,l19,X0,c4,93436,5.53,True,NOTINVOLVED_PURCHASE
10974381,l20,X6,c2,100389,6.22,True,NOTINVOLVED_PURCHASE
10976204,l7,X1,c3,100211,2.2,True,NOTINVOLVED_PURCHASE
11006346,l31,X2,c6,114673,9.17,True,NOTINVOLVED_PURCHASE
11007196,l12,X4,c4,58728,16.27,True,NOTINVOLVED_PURCHASE
11011276,l35,X3,c1,39182,3.92,True,NOTINVOLVED_PURCHASE
11041286,a1,x5,c4,86910,3.89,False,SHADOW_PURCHASE2
11049418,l21,X4,c4,65512,16.34,True,NOTINVOLVED_PURCHASE
11050219,l30,X1,c1,100310,3.1,True,NOTINVOLVED_PURCHASE
11093612,A2,a2,c6,45766,10.11,True,SHADOW_PURCHASE1
11095764,l17,X1,c6,43405,5.18,True,NOTINVOLVED_PURCHASE
11127354,l34,X1,c4,82765,7.57,True,NOTINVOLVED_PURCHASE
11137126,A4,a2,c3,68805,2.74,True,SHADOW_PURCHASE1
11139715,l24,X3,c4,81317,8.62,True,NOTINVOLVED_PURCHASE
11142230,A6,a2,c6,80931,5.03,True,SHADOW_PURCHASE1
11168966,l0,X6,c2,84476,7.09,True,NOTINVOLVED_PURCHASE
11175287,l11,X3,c4,64823,13.91,True,NOTINVOLVED_PURCHASE
11182532,l3,X5,c6,43560,6.26,True,NOTINVOLVED_PURCHASE
11184584,l28,X4,c5,109525,22.8,True,NOTINVOLVED_PURCHASE
11192044,A5,a4,c3,95053,4.81,True,SHADOW_PURCHASE1
11198980,l14,X3,c4,77811,13.04,True,NOTINVOLVED_PURCHASE
11245294,l6,X4,c2,67463,4.47,True,NOTINVOLVED_PURCHASE
11246077,l5,X5,c6,74037,3.26,True,NOTINVOLVED_PURCHASE
11265657,l8,X3,c4,78654,10.03,True,NOTINVOLVED_PURCHASE
11270106,l38,X4,c4,49435,14.82,True,NOTINVOLVED_PURCHASE
11272614,l26,X1,c6,118879,4.94,True,NOTINVOLVED_PURCHASE
11276067,x5,X4,c4,86910,2.05,True,SHADOW_PURCHASE3
11280103,l39,X4,c2,114880,7.99,True,NOTINVOLVED_PURCHASE
11333653,a2,x2,c6,45766,8.82,False,SHADOW_PURCHASE2
11359706,l9,X3,c1,116955,2.09,True,NOTINVOLVED_PURCHASE
11400864,l23,X5,c6,45681,9.27,True,NOTINVOLVED_PURCHASE
11406683,a2,x1,c6,80931,4.54,False,SHADOW_PURCHASE2
11411331,a2,x2,c3,68805,2.07,False,SHADOW_PURCHASE2
11429824,a4,x1,c3,95053,3.12,False,SHADOW_PURCHASE2
11442008,A7,X5,c6,62313,3.63,True,NORMAL_PURCHASE
11444307,A3,a0,c1,105120,3.21,True,SHADOW_PURCHASE1
11509160,l10,X1,c1,58825,3.03,True,NOTINVOLVED_PURCHASE
11514748,l27,X3,c4,85988,8.78,True,NOTINVOLVED_PURCHASE
11559792,l16,X3,c4,40451,13.89,True,NOTINVOLVED_PURCHASE
11596304,x2,X0,c6,45766,6.61,True,SHADOW_PURCHASE3
11629973,l22,X2,c5,49942,20.72,True,NOTINVOLVED_PURCHASE
11646963,x2,X1,c3,68805,1.09,True,SHADOW_PURCHASE3
11664015,x1,X2,c6,80931,3.68,True,SHADOW_PURCHASE3
11664554,l1,X0,c4,66064,15.63,True,NOTINVOLVED_PURCHASE
11670270,x1,X1,c3,95053,2.07,True,SHADOW_PURCHASE3
11702101,a0,x1,c1,105120,1.27,False,SHADOW_PURCHASE2
11965135,x1,X2,c1,105120,1.0,True,SHADOW_PURCHASE3
13074247,l13,X4,c2,107608,7.59,True,NOTINVOLVED_PURCHASE
13212890,l29,X1,c6,55738,6.88,True,NOTINVOLVED_PURCHASE
13214433,l2,X0,c5,71779,14.99,True,NOTINVOLVED_PURCHASE
13229791,l4,X4,c4,79394,7.73,True,NOTINVOLVED_PURCHASE
13276669,l18,X2,c5,88079,22.27,True,NOTINVOLVED_PURCHASE
13302664,l15,X4,c6,41765,5.54,True,NOTINVOLVED_PURCHASE
13383754,l36,X1,c4,78105,4.77,True,NOTINVOLVED_PURCHASE
13401447,A0,a5,c6,37543,8.94,True,SHADOW_PURCHASE1
13428310,l7,X0,c5,36514,22.74,True,NOTINVOLVED_PURCHASE
13451891,l32,X5,c6,89706,9.9,True,NOTINVOLVED_PURCHASE
13486621,l37,X1,c3,113880,2.4,True,NOTINVOLVED_PURCHASE
13489791,A2,X1,c6,48518,3.7,True,NORMAL_PURCHASE
13505471,A1,X2,c1,96121,2.34,True,NORMAL_PURCHASE
13522731,A6,X1,c1,88701,2.85,True,NORMAL_PURCHASE
13546288,l19,X5,c4,66675,15.4,True,NOTINVOLVED_PURCHASE
13552932,l34,X5,c6,98531,9.53,True,NOTINVOLVED_PURCHASE
13585371,l20,X2,c1,53157,3.73,True,NOTINVOLVED_PURCHASE
13601069,l25,X6,c6,34566,5.62,True,NOTINVOLVED_PURCHASE
13615723,l14,X3,c1,91589,2.37,True,NOTINVOLVED_PURCHASE
13660621,a5,x4,c6,37543,5.94,False,SHADOW_PURCHASE2
13675276,l33,X2,c4,117883,15.3,True,NOTINVOLVED_PURCHASE
13691840,l30,X0,c1,75354,3.96,True,NOTINVOLVED_PURCHASE
13719130,l28,X3,c1,97113,3.98,True,NOTINVOLVED_PURCHASE
13726377,l31,X1,c4,36578,10.18,True,NOTINVOLVED_PURCHASE
13733730,l21,X4,c5,48967,13.61,True,NOTINVOLVED_PURCHASE
13792497,A4,a5,c3,42853,2.89,True,SHADOW_PURCHASE1
13793467,l35,X0,c4,36224,11.12,True,NOTINVOLVED_PURCHASE
13802409,l5,X3,c1,31980,2.18,True,NOTINVOLVED_PURCHASE
13824256,l39,X6,c6,114947,4.03,True,NOTINVOLVED_PURCHASE
13846813,A3,a2,c1,59029,3.93,True,SHADOW_PURCHASE1
13860709,l24,X3,c4,67921,9.83,True,NOTINVOLVED_PURCHASE
13876251,l12,X0,c6,93909,8.5,True,NOTINVOLVED_PURCHASE
13905073,l11,X4,c5,113682,7.95,True,NOTINVOLVED_PURCHASE
13927332,x4,X2,c6,37543,3.28,True,SHADOW_PURCHASE3
13933953,l17,X5,c6,119590,7.23,True,NOTINVOLVED_PURCHASE
13939233,l9,X3,c4,91706,12.77,True,NOTINVOLVED_PURCHASE
13951259,l38,X6,c2,92758,11.65,True,NOTINVOLVED_PURCHASE
13973731,l8,X5,c4,46204,13.97,True,NOTINVOLVED_PURCHASE
13981631,l0,X1,c4,54719,12.6,True,NOTINVOLVED_PURCHASE
14036935,a5,x2,c3,42853,2.3,False,SHADOW_PURCHASE2
14048022,A5,a1,c2,81935,6.91,True,SHADOW_PURCHASE1
14065038,l3,X1,c1,74317,3.88,True,NOTINVOLVED_PURCHASE
14073962,l10,X0,c5,87082,23.88,True,NOTINVOLVED_PURCHASE
14090465,l26,X5,c6,110167,10.08,True,NOTINVOLVED_PURCHASE
14111858,l6,X4,c2,39963,9.09,True,NOTINVOLVED_PURCHASE
14129700,a2,x3,c1,59029,3.09,False,SHADOW_PURCHASE2
14149498,l23,X2,c4,53588,6.54,True,NOTINVOLVED_PURCHASE
14188858,A7,X1,c3,94289,2.75,True,NORMAL_PURCHASE
14195760,l27,X3,c4,100037,11.5,True,NOTINVOLVED_PURCHASE
14198520,l16,X3,c1,95816,2.04,True,NOTINVOLVED_PURCHASE
14258610,l1,X4,c4,60747,6.6,True,NOTINVOLVED_PURCHASE
14307326,x2,X1,c3,42853,1.45,True,SHADOW_PURCHASE3
14312937,a1,x2,c2,81935,4.12,False,SHADOW_PURCHASE2
14379186,x3,X3,c1,59029,2.01,True,SHADOW_PURCHASE3
14497377,l22,X5,c6,76159,4.95,True,NOTINVOLVED_PURCHASE
14589895,x2,X4,c2,81935,3.9,True,SHADOW_PURCHASE3
15500922,l13,X2,c6,105172,10.02,True,NOTINVOLVED_PURCHASE
15819009,l2,X5,c6,68953,3.39,True,NOTINVOLVED_PURCHASE
15819455,l4,X3,c4,59269,5.66,True,NOTINVOLVED_PURCHASE
15843274,A0,X3,c4,54365,15.84,True,NORMAL_PURCHASE
15936908,l18,X2,c1,32206,3.48,True,NOTINVOLVED_PURCHASE
15967957,l29,X2,c4,116773,5.12,True,NOTINVOLVED_PURCHASE
15970157,A2,X1,c4,65365,13.34,True,NORMAL_PURCHASE
16048069,A6,X5,c6,84173,5.21,True,NORMAL_PURCHASE
16083309,l33,X4,c5,73884,8.57,True,NOTINVOLVED_PURCHASE
16129850,l21,X4,c5,103090,14.98,True,NOTINVOLVED_PURCHASE
16154207,l36,X0,c4,59360,9.79,True,NOTINVOLVED_PURCHASE
16156768,l37,X0,c6,33544,7.37,True,NOTINVOLVED_PURCHASE
16160097,l15,X6,c6,35873,5.57,True,NOTINVOLVED_PURCHASE
16172866,l32,X6,c6,47603,3.93,True,NOTINVOLVED_PURCHASE
16183687,A1,X3,c1,85882,3.26,True,NORMAL_PURCHASE
16276816,l25,X6,c2,73376,8.03,True,NOTINVOLVED_PURCHASE
16286143,l11,X2,c1,35074,3.46,True,NOTINVOLVED_PURCHASE
16297951,l30,X1,c6,94771,7.82,True,NOTINVOLVED_PURCHASE
16304896,l7,X2,c1,80580,3.56,True,NOTINVOLVED_PURCHASE
16316793,l39,X1,c6,81032,5.98,True,NOTINVOLVED_PURCHASE
16317298,l31,X4,c4,45700,15.05,True,NOTINVOLVED_PURCHASE
16322732,l34,X5,c6,67218,6.99,True,NOTINVOLVED_PURCHASE
16352882,l19,X4,c6,80145,6.56,True,NOTINVOLVED_PURCHASE
16415406,l24,X6,c2,53856,6.01,True,NOTINVOLVED_PURCHASE
16437700,l28,X0,c1,89510,2.04,True,NOTINVOLVED_PURCHASE
16460552,l20,X0,c4,46527,7.24,True,NOTINVOLVED_PURCHASE
16485441,A5,a2,c6,47365,3.84,True,SHADOW_PURCHASE1
16494265,l14,X5,c6,75294,4.62,True,NOTINVOLVED_PURCHASE
16495620,l10,X0,c6,31599,8.45,True,NOTINVOLVED_PURCHASE
16518710,l12,X6,c6,82701,3.54,True,NOTINVOLVED_PURCHASE
16525195,l35,X3,c1,75281,2.68,True,NOTINVOLVED_PURCHASE
16526475,l17,X6,c2,84527,8.82,True,NOTINVOLVED_PURCHASE
16545494,A4,a1,c3,60985,2.72,True,SHADOW_PURCHASE1
16555785,l5,X0,c1,85698,2.83,True,NOTINVOLVED_PURCHASE
16565945,l26,X0,c6,41316,9.09,True,NOTINVOLVED_PURCHASE
16582598,l38,X3,c1,57716,2.37,True,NOTINVOLVED_PURCHASE
16594090,l9,X0,c5,45477,19.47,True,NOTINVOLVED_PURCHASE
16604859,l23,X0,c4,115490,14.74,True,NOTINVOLVED_PURCHASE
16612982,l8,X5,c4,74070,5.77,True,NOTINVOLVED_PURCHASE
16667688,A7,X1,c4,112679,14.27,True,NORMAL_PURCHASE
16719716,A3,a0,c4,68317,14.8,True,SHADOW_PURCHASE1
16726929,a2,x0,c6,47365,3.56,False,SHADOW_PURCHASE2
16751051,l6,X4,c6,116516,7.59,True,NOTINVOLVED_PURCHASE
16783265,l0,X0,c1,72699,2.43,True,NOTINVOLVED_PURCHASE
16787606,a1,x1,c3,60985,2.35,False,SHADOW_PURCHASE2
16858372,l3,X0,c5,105568,7.06,True,NOTINVOLVED_PURCHASE
16868184,l1,X4,c5,69088,20.79,True,NOTINVOLVED_PURCHASE
16940887,l27,X3,c1,113528,3.17,True,NOTINVOLVED_PURCHASE
16966939,x0,X6,c6,47365,2.29,True,SHADOW_PURCHASE3
16974278,a0,x3,c4,68317,12.24,False,SHADOW_PURCHASE2
17038737,l16,X0,c6,105969,3.27,True,NOTINVOLVED_PURCHASE
17046435,x1,X1,c3,60985,1.02,True,SHADOW_PURCHASE3
17152748,l22,X5,c6,73892,7.83,True,NOTINVOLVED_PURCHASE
17240974,x3,X3,c4,68317,9.05,True,SHADOW_PURCHASE3
17924695,l13,X4,c5,79614,11.61,True,NOTINVOLVED_PURCHASE
18340307,A0,a4,c5,114677,20.95,True,SHADOW_PURCHASE1
18379876,A2,a5,c4,64797,15.43,True,SHADOW_PURCHASE1
18474315,l29,X1,c1,105891,3.7,True,NOTINVOLVED_PURCHASE
18480786,l2,X6,c2,82990,12.05,True,NOTINVOLVED_PURCHASE
18482190,l4,X5,c4,65641,15.64,True,NOTINVOLVED_PURCHASE
18559358,l21,X2,c1,80373,3.83,True,NOTINVOLVED_PURCHASE
18584464,a4,x5,c5,114677,17.53,False,SHADOW_PURCHASE2
18639196,l33,X4,c4,32282,13.81,True,NOTINVOLVED_PURCHASE
18664157,a5,x2,c4,64797,8.61,False,SHADOW_PURCHASE2
18715342,l37,X6,c2,35637,13.39,True,NOTINVOLVED_PURCHASE
18716622,l7,X3,c1,94424,2.5,True,NOTINVOLVED_PURCHASE
18750897,l18,X6,c2,117071,10.53,True,NOTINVOLVED_PURCHASE
18763935,l25,X3,c1,67914,3.43,True,NOTINVOLVED_PURCHASE
18769362,A1,X2,c5,112873,14.02,True,NORMAL_PURCHASE
18808359,l15,X6,c6,84678,5.08,True,NOTINVOLVED_PURCHASE
18809746,l36,X2,c4,67646,10.66,True,NOTINVOLVED_PURCHASE
18863302,x5,X4,c5,114677,8.0,True,SHADOW_PURCHASE3
18869223,l32,X6,c2,57970,10.62,True,NOTINVOLVED_PURCHASE
18918144,l14,X5,c4,84225,5.41,True,NOTINVOLVED_PURCHASE
18940292,A6,X2,c6,40021,5.46,True,NORMAL_PURCHASE
18940479,x2,X1,c4,64797,7.41,True,SHADOW_PURCHASE3
18967528,l34,X5,c6,64112,3.95,True,NOTINVOLVED_PURCHASE
19010765,l19,X0,c1,36864,2.96,True,NOTINVOLVED_PURCHASE
19014287,l31,X5,c4,112439,12.37,True,NOTINVOLVED_PURCHASE
19015607,l23,X0,c5,77483,17.21,True,NOTINVOLVED_PURCHASE
19024209,l17,X1,c1,31193,2.1,True,NOTINVOLVED_PURCHASE
19045773,l8,X6,c6,70780,9.45,True,NOTINVOLVED_PURCHASE
19048476,l30,X3,c4,38120,11.2,True,NOTINVOLVED_PURCHASE
19061715,l39,X6,c6,88159,3.42,True,NOTINVOLVED_PURCHASE
19062495,A4,X5,c6,95314,3.49,True,NORMAL_PURCHASE
19065268,A5,X3,c1,36091,2.39,True,NORMAL_PURCHASE
19072309,l11,X4,c2,81292,13.02,True,NOTINVOLVED_PURCHASE
19078735,l9,X3,c1,100519,3.14,True,NOTINVOLVED_PURCHASE
19090247,l38,X3,c1,43982,3.09,True,NOTINVOLVED_PURCHASE
19168305,l24,X2,c1,30839,2.5,True,NOTINVOLVED_PURCHASE
19264926,l26,X4,c6,89945,7.72,True,NOTINVOLVED_PURCHASE
19268039,l20,X2,c5,100753,8.71,True,NOTINVOLVED_PURCHASE
19272679,l28,X1,c3,66946,3.41,True,NOTINVOLVED_PURCHASE
19277379,l5,X3,c1,69759,3.27,True,NOTINVOLVED_PURCHASE
19312398,l10,X6,c6,91796,7.42,True,NOTINVOLVED_PURCHASE
19312436,l12,X4,c5,55065,9.33,True,NOTINVOLVED_PURCHASE
19396968,l35,X3,c1,39906,3.79,True,NOTINVOLVED_PURCHASE
19397655,A3,X0,c4,116719,10.89,True,NORMAL_PURCHASE
19402907,l6,X4,c2,31196,7.52,True,NOTINVOLVED_PURCHASE
19406106,l0,X6,c6,41202,4.64,True,NOTINVOLVED_PURCHASE
19448157,A7,X1,c1,102732,3.28,True,NORMAL_PURCHASE
19448552,l27,X3,c4,38455,9.1,True,NOTINVOLVED_PURCHASE
19543832,l3,X5,c6,46576,4.32,True,NOTINVOLVED_PURCHASE
19607563,l16,X6,c6,82386,9.78,True,NOTINVOLVED_PURCHASE
19612151,l1,X6,c2,45668,5.7,True,NOTINVOLVED_PURCHASE
20016143,l22,X5,c6,74277,5.88,True,NOTINVOLVED_PURCHASE
20679830,l13,X6,c2,35463,7.78,True,NOTINVOLVED_PURCHASE
20848889,l2,X5,c6,64940,3.17,True,NOTINVOLVED_PURCHASE
20938388,l29,X1,c6,41278,3.61,True,NOTINVOLVED_PURCHASE
21017986,A2,a0,c5,57018,21.53,True,SHADOW_PURCHASE1
21075313,l4,X5,c6,43606,2.82,True,NOTINVOLVED_PURCHASE
21189415,l33,X5,c6,31933,9.41,True,NOTINVOLVED_PURCHASE
21196240,l21,X3,c4,96840,11.41,True,NOTINVOLVED_PURCHASE
21200911,A0,a4,c6,107636,2.81,True,SHADOW_PURCHASE1
21249980,l18,X2,c5,47659,19.66,True,NOTINVOLVED_PURCHASE
21259955,a0,x4,c5,57018,16.15,False,SHADOW_PURCHASE2
21269446,l32,X3,c4,101329,12.39,True,NOTINVOLVED_PURCHASE
21271960,l25,X4,c2,63862,7.38,True,NOTINVOLVED_PURCHASE
21324651,l14,X5,c6,56791,6.43,True,NOTINVOLVED_PURCHASE
21377316,A6,X1,c6,74666,4.95,True,NORMAL_PURCHASE
21460460,l36,X5,c6,56857,10.21,True,NOTINVOLVED_PURCHASE
21464340,a4,x1,c6,107636,2.5,False,SHADOW_PURCHASE2
21467838,l17,X1,c3,37054,5.65,True,NOTINVOLVED_PURCHASE
21506213,l7,X1,c3,41082,3.39,True,NOTINVOLVED_PURCHASE
21537550,A4,X6,c6,77124,4.63,True,NORMAL_PURCHASE
21544197,x4,X2,c5,57018,7.35,True,SHADOW_PURCHASE3
21563895,l11,X0,c6,53447,9.04,True,NOTINVOLVED_PURCHASE
21573608,l37,X0,c4,116612,12.76,True,NOTINVOLVED_PURCHASE
21576625,A1,a0,c5,110625,26.42,True,SHADOW_PURCHASE1
21581816,A5,a1,c1,78517,3.86,True,SHADOW_PURCHASE1
21597466,l19,X4,c5,114066,22.52,True,NOTINVOLVED_PURCHASE
21617390,l31,X2,c1,81109,3.59,True,NOTINVOLVED_PURCHASE
21628643,l24,X3,c4,33606,5.96,True,NOTINVOLVED_PURCHASE
21682640,l15,X6,c2,62360,7.06,True,NOTINVOLVED_PURCHASE
21691260,l26,X5,c6,31558,10.53,True,NOTINVOLVED_PURCHASE
21704180,l34,X4,c4,55968,7.22,True,NOTINVOLVED_PURCHASE
21708877,l39,X6,c6,44153,10.0,True,NOTINVOLVED_PURCHASE
21716430,l28,X1,c6,108073,3.3,True,NOTINVOLVED_PURCHASE
21743600,x1,X4,c6,107636,1.81,True,SHADOW_PURCHASE3
21764800,l30,X1,c3,44044,5.87,True,NOTINVOLVED_PURCHASE
21779363,l9,X4,c6,106626,7.44,True,NOTINVOLVED_PURCHASE
21813629,a0,x4,c5,110625,12.75,False,SHADOW_PURCHASE2
21834962,a1,x5,c1,78517,2.24,False,SHADOW_PURCHASE2
21882856,l23,X0,c1,92393,2.77,True,NOTINVOLVED_PURCHASE
21898393,l35,X4,c4,104012,13.94,True,NOTINVOLVED_PURCHASE
21916263,l38,X3,c1,100856,3.35,True,NOTINVOLVED_PURCHASE
21926353,l12,X4,c5,51632,12.63,True,NOTINVOLVED_PURCHASE
21934471,l8,X4,c2,55623,10.1,True,NOTINVOLVED_PURCHASE
21970875,A3,X1,c4,104821,5.28,True,NORMAL_PURCHASE
22007905,A7,X5,c6,115088,7.97,True,NORMAL_PURCHASE
22064682,x4,X2,c5,110625,10.51,True,SHADOW_PURCHASE3
22068325,l5,X1,c4,106269,10.74,True,NOTINVOLVED_PURCHASE
22070796,l20,X2,c1,58136,3.39,True,NOTINVOLVED_PURCHASE
22071714,l27,X3,c1,87091,2.69,True,NOTINVOLVED_PURCHASE
22100850,l0,X0,c4,82353,4.77,True,NOTINVOLVED_PURCHASE
22102084,x5,X3,c1,78517,1.02,True,SHADOW_PURCHASE3
22109020,l1,X5,c6,98296,9.77,True,NOTINVOLVED_PURCHASE
22154819,l10,X0,c1,37947,2.8,True,NOTINVOLVED_PURCHASE
22173048,l6,X4,c6,47147,4.68,True,NOTINVOLVED_PURCHASE
22342826,l3,X3,c4,97246,9.85,True,NOTINVOLVED_PURCHASE
22394484,l16,X6,c6,90355,7.14,True,NOTINVOLVED_PURCHASE
22852971,l22,X2,c4,65081,10.16,True,NOTINVOLVED_PURCHASE
23303528,l13,X4,c6,38986,5.59,True,NOTINVOLVED_PURCHASE
23419541,l2,X3,c4,56622,15.59,True,NOTINVOLVED_PURCHASE
23541125,l4,X4,c6,118393,3.99,True,NOTINVOLVED_PURCHASE
23614439,l21,X2,c1,96670,2.13,True,NOTINVOLVED_PURCHASE
23620421,l29,X4,c5,91527,26.8,True,NOTINVOLVED_PURCHASE
23721640,A0,X2,c1,82061,2.04,True,NORMAL_PURCHASE
23819463,l14,X5,c4,58636,12.64,True,NOTINVOLVED_PURCHASE
23824410,l32,X2,c5,54805,8.64,True,NOTINVOLVED_PURCHASE
23840250,l36,X1,c1,67681,2.89,True,NOTINVOLVED_PURCHASE
23897282,A2,X5,c6,80098,4.09,True,NORMAL_PURCHASE
23900386,l33,X4,c6,57484,7.96,True,NOTINVOLVED_PURCHASE
23910902,l18,X4,c5,34662,7.63,True,NOTINVOLVED_PURCHASE
23927437,l25,X6,c6,47506,10.14,True,NOTINVOLVED_PURCHASE
24077802,l24,X6,c6,104601,3.18,True,NOTINVOLVED_PURCHASE
24103272,A5,a4,c3,106423,4.35,True,SHADOW_PURCHASE1
24166147,A6,X0,c1,36060,3.91,True,NORMAL_PURCHASE
24171765,l28,X0,c6,93713,5.73,True,NOTINVOLVED_PURCHASE
24179278,l34,X4,c5,57674,16.86,True,NOTINVOLVED_PURCHASE
24200792,l26,X0,c4,33029,12.55,True,NOTINVOLVED_PURCHASE
24212388,l37,X6,c2,103010,4.69,True,NOTINVOLVED_PURCHASE
24212876,A1,a0,c3,39355,3.33,True,SHADOW_PURCHASE1
24215621,A4,a2,c5,109113,14.16,True,SHADOW_PURCHASE1
24220057,l39,X2,c5,57219,26.63,True,NOTINVOLVED_PURCHASE
24276870,l17,X1,c3,33131,4.38,True,NOTINVOLVED_PURCHASE
24283965,l31,X5,c6,75487,2.84,True,NOTINVOLVED_PURCHASE
24307053,l15,X6,c6,54983,10.22,True,NOTINVOLVED_PURCHASE
24362511,a4,x5,c3,106423,3.93,False,SHADOW_PURCHASE2
24367933,l23,X2,c6,56495,3.0,True,NOTINVOLVED_PURCHASE
24371019,l11,X2,c6,39195,5.05,True,NOTINVOLVED_PURCHASE
24378556,l30,X0,c6,86957,9.74,True,NOTINVOLVED_PURCHASE
24393411,l7,X2,c5,109526,22.32,True,NOTINVOLVED_PURCHASE
24416009,l38,X5,c4,84240,12.83,True,NOTINVOLVED_PURCHASE
24416701,A7,a2,c4,78007,13.31,True,SHADOW_PURCHASE1
24454171,A3,X4,c4,58899,9.8,True,NORMAL_PURCHASE
24461814,l9,X0,c4,38748,12.05,True,NOTINVOLVED_PURCHASE
24476740,a0,x3,c3,39355,2.63,False,SHADOW_PURCHASE2
24477038,l12,X6,c6,72528,6.41,True,NOTINVOLVED_PURCHASE
24484035,a2,x0,c5,109113,5.58,False,SHADOW_PURCHASE2
24486417,l19,X1,c4,61034,10.36,True,NOTINVOLVED_PURCHASE
24502936,l0,X6,c6,70152,5.37,True,NOTINVOLVED_PURCHASE
24527281,l35,X0,c5,49031,20.69,True,NOTINVOLVED_PURCHASE
24539054,l5,X1,c1,102731,2.19,True,NOTINVOLVED_PURCHASE
24581234,l8,X6,c2,83083,3.88,True,NOTINVOLVED_PURCHASE
24589258,l27,X3,c1,88247,2.83,True,NOTINVOLVED_PURCHASE
24614414,x5,X1,c3,106423,2.38,True,SHADOW_PURCHASE3
24654210,l1,X4,c6,39568,6.57,True,NOTINVOLVED_PURCHASE
24662749,a2,x2,c4,78007,6.81,False,SHADOW_PURCHASE2
24726743,x3,X1,c3,39355,1.12,True,SHADOW_PURCHASE3
24760863,l6,X1,c3,49912,2.26,True,NOTINVOLVED_PURCHASE
24768462,x0,X4,c5,109113,3.49,True,SHADOW_PURCHASE3
24863094,l20,X0,c5,59824,16.48,True,NOTINVOLVED_PURCHASE
24923313,l16,X6,c6,83015,7.79,True,NOTINVOLVED_PURCHASE
24938955,x2,X2,c4,78007,3.52,True,SHADOW_PURCHASE3
25015056,l10,X0,c5,35780,10.9,True,NOTINVOLVED_PURCHASE
25088648,l3,X0,c5,35577,12.85,True,NOTINVOLVED_PURCHASE
25354855,l22,X4,c4,118823,13.5,True,NOTINVOLVED_PURCHASE
25685526,l13,X4,c4,112266,5.63,True,NOTINVOLVED_PURCHASE
26008084,l29,X2,c1,75135,3.17,True,NOTINVOLVED_PURCHASE
26096611,A0,a0,c2,77937,4.53,True,SHADOW_PURCHASE1
26141388,l4,X5,c6,80934,7.43,True,NOTINVOLVED_PURCHASE
26280588,l2,X3,c1,115099,3.62,True,NOTINVOLVED_PURCHASE
26352215,a0,x4,c2,77937,2.94,False,SHADOW_PURCHASE2
26360562,l14,X6,c6,78067,3.32,True,NOTINVOLVED_PURCHASE
26365496,l18,X4,c4,116375,5.86,True,NOTINVOLVED_PURCHASE
26367870,l32,X6,c2,80930,6.36,True,NOTINVOLVED_PURCHASE
26461151,l21,X4,c5,34438,11.44,True,NOTINVOLVED_PURCHASE
26485165,l36,X0,c4,37701,9.74,True,NOTINVOLVED_PURCHASE
26515062,A2,X0,c1,105041,2.75,True,NORMAL_PURCHASE
26593453,l26,X4,c5,114830,15.17,True,NOTINVOLVED_PURCHASE
26607126,l28,X3,c4,83371,12.11,True,NOTINVOLVED_PURCHASE
26616000,x4,X4,c2,77937,1.6,True,SHADOW_PURCHASE3
26651406,l24,X4,c6,80816,6.99,True,NOTINVOLVED_PURCHASE
26660992,l33,X1,c3,50015,5.18,True,NOTINVOLVED_PURCHASE
26713141,l34,X6,c2,110318,4.22,True,NOTINVOLVED_PURCHASE
26724278,l15,X3,c4,75544,11.95,True,NOTINVOLVED_PURCHASE
26756787,l25,X5,c4,31125,16.67,True,NOTINVOLVED_PURCHASE
26772562,l17,X6,c6,40604,10.23,True,NOTINVOLVED_PURCHASE
26795804,A6,X2,c4,92226,7.06,True,NORMAL_PURCHASE
26796314,A1,X2,c6,87384,6.4,True,NORMAL_PURCHASE
26819064,l31,X1,c6,80153,5.52,True,NOTINVOLVED_PURCHASE
26831730,A5,X1,c4,75223,10.86,True,NORMAL_PURCHASE
26851299,A4,a0,c1,76611,3.32,True,SHADOW_PURCHASE1
26855624,l23,X0,c6,51178,3.26,True,NOTINVOLVED_PURCHASE
26864960,l9,X0,c4,44138,15.04,True,NOTINVOLVED_PURCHASE
26872807,l37,X3,c1,112141,3.87,True,NOTINVOLVED_PURCHASE
26881473,l30,X1,c4,68186,8.22,True,NOTINVOLVED_PURCHASE
26896536,l39,X4,c2,68770,3.75,True,NOTINVOLVED_PURCHASE
26910411,A3,a4,c3,36438,5.3,True,SHADOW_PURCHASE1
26924840,l12,X3,c1,31348,3.22,True,NOTINVOLVED_PURCHASE
26978423,l11,X2,c4,71853,5.31,True,NOTINVOLVED_PURCHASE
27018054,l5,X3,c1,30990,3.72,True,NOTINVOLVED_PURCHASE
27066998,A7,X3,c4,93298,11.95,True,NORMAL_PURCHASE
27077261,l1,X5,c4,73998,6.2,True,NOTINVOLVED_PURCHASE
27092493,l27,X4,c6,35785,4.62,True,NOTINVOLVED_PURCHASE
27098276,l38,X3,c1,58248,3.23,True,NOTINVOLVED_PURCHASE
27118446,a0,x4,c1,76611,1.76,False,SHADOW_PURCHASE2
27138515,l6,X3,c4,112584,9.04,True,NOTINVOLVED_PURCHASE
27142388,l0,X2,c6,100212,2.86,True,NOTINVOLVED_PURCHASE
27152209,l19,X5,c4,115750,11.92,True,NOTINVOLVED_PURCHASE
27163798,a4,x0,c3,36438,3.57,False,SHADOW_PURCHASE2
27210502,l35,X3,c1,55340,2.54,True,NOTINVOLVED_PURCHASE
27238560,l7,X2,c1,55363,3.72,True,NOTINVOLVED_PURCHASE
27373260,l8,X6,c2,112066,8.88,True,NOTINVOLVED_PURCHASE
27391034,x4,X2,c1,76611,1.0,True,SHADOW_PURCHASE3
27408018,x0,X1,c3,36438,2.86,True,SHADOW_PURCHASE3
27421955,l20,X5,c6,69498,6.33,True,NOTINVOLVED_PURCHASE
27539309,l10,X6,c6,54452,4.82,True,NOTINVOLVED_PURCHASE
27544022,l3,X0,c6,49809,4.98,True,NOTINVOLVED_PURCHASE
27713215,l16,X0,c6,59426,7.61,True,NOTINVOLVED_PURCHASE
28183318,l22,X2,c5,40249,7.68,True,NOTINVOLVED_PURCHASE
28466974,l29,X4,c4,71026,6.14,True,NOTINVOLVED_PURCHASE
28475359,l13,X2,c4,61106,16.66,True,NOTINVOLVED_PURCHASE
28685343,l2,X0,c4,105130,9.91,True,NOTINVOLVED_PURCHASE
28726394,l4,X6,c6,86925,8.69,True,NOTINVOLVED_PURCHASE
28754859,l18,X6,c6,57001,5.37,True,NOTINVOLVED_PURCHASE
28914885,A0,X2,c4,88737,11.89,True,NORMAL_PURCHASE
29003176,l36,X1,c1,96234,2.88,True,NOTINVOLVED_PURCHASE
29177601,l32,X3,c4,78556,5.32,True,NOTINVOLVED_PURCHASE
29200251,l14,X3,c1,74230,3.13,True,NOTINVOLVED_PURCHASE
29203817,A2,X0,c5,90632,14.93,True,NORMAL_PURCHASE
29209627,A6,a0,c5,108637,17.68,True,SHADOW_PURCHASE1
29240230,l26,X4,c4,30218,5.25,True,NOTINVOLVED_PURCHASE
29305559,l21,X5,c4,82172,15.02,True,NOTINVOLVED_PURCHASE
29326003,l34,X6,c2,95518,8.2,True,NOTINVOLVED_PURCHASE
29351224,l28,X1,c4,90195,8.79,True,NOTINVOLVED_PURCHASE
29360555,A3,X5,c6,105199,10.46,True,NORMAL_PURCHASE
29381069,l12,X0,c6,68212,5.15,True,NOTINVOLVED_PURCHASE
29382218,l9,X4,c4,38725,5.68,True,NOTINVOLVED_PURCHASE
29385788,A1,a5,c4,83355,5.99,True,SHADOW_PURCHASE1
29410679,l30,X2,c4,37188,10.25,True,NOTINVOLVED_PURCHASE
29412342,l24,X2,c5,51541,24.61,True,NOTINVOLVED_PURCHASE
29418187,l15,X3,c4,114506,7.66,True,NOTINVOLVED_PURCHASE
29431822,l17,X2,c1,57632,3.64,True,NOTINVOLVED_PURCHASE
29446732,a0,x3,c5,108637,17.27,False,SHADOW_PURCHASE2
29473840,A5,a1,c4,50777,15.51,True,SHADOW_PURCHASE1
29481888,l33,X1,c4,59036,8.86,True,NOTINVOLVED_PURCHASE
29500832,l25,X3,c1,55119,3.38,True,NOTINVOLVED_PURCHASE
29606931,l11,X3,c4,111573,8.85,True,NOTINVOLVED_PURCHASE
29653741,a5,x1,c4,83355,3.69,False,SHADOW_PURCHASE2
29669206,l6,X3,c4,94446,5.13,True,NOTINVOLVED_PURCHASE
29674996,l39,X4,c5,94332,8.94,True,NOTINVOLVED_PURCHASE
29680558,A4,a5,c5,96435,9.22,True,SHADOW_PURCHASE1
29684347,l5,X1,c1,65429,2.7,True,NOTINVOLVED_PURCHASE
29686977,l31,X5,c4,109538,6.44,True,NOTINVOLVED_PURCHASE
29711765,x3,X0,c5,108637,7.82,True,SHADOW_PURCHASE3
29712977,l23,X0,c1,41722,2.86,True,NOTINVOLVED_PURCHASE
29715197,l38,X6,c2,73107,5.74,True,NOTINVOLVED_PURCHASE
29733086,a1,x1,c4,50777,8.5,False,SHADOW_PURCHASE2
29736277,l37,X6,c2,110422,7.32,True,NOTINVOLVED_PURCHASE
29787530,l0,X0,c6,92212,2.79,True,NOTINVOLVED_PURCHASE
29837030,A7,X3,c4,51486,10.88,True,NORMAL_PURCHASE
29852388,l1,X6,c6,41924,5.68,True,NOTINVOLVED_PURCHASE
29880630,l35,X0,c1,102798,2.5,True,NOTINVOLVED_PURCHASE
29890414,x1,X2,c4,83355,2.57,True,SHADOW_PURCHASE3
29897510,l19,X5,c6,105953,7.18,True,NOTINVOLVED_PURCHASE
29907101,l27,X3,c4,111960,6.35,True,NOTINVOLVED_PURCHASE
29941910,l20,X0,c5,112445,23.72,True,NOTINVOLVED_PURCHASE
29946435,a5,x3,c5,96435,5.02,False,SHADOW_PURCHASE2
29980170,l7,X1,c1,116470,2.13,True,NOTINVOLVED_PURCHASE
29998000,l3,X1,c4,119686,16.51,True,NOTINVOLVED_PURCHASE
30009021,x1,X4,c4,50777,4.31,True,SHADOW_PURCHASE3
30191801,l8,X6,c2,95967,8.89,True,NOTINVOLVED_PURCHASE
30214921,x3,X0,c5,96435,3.84,True,SHADOW_PURCHASE3
30390399,l10,X5,c6,75465,7.93,True,NOTINVOLVED_PURCHASE
30403852,l16,X4,c6,55145,6.13,True,NOTINVOLVED_PURCHASE
30868015,l13,X2,c4,33166,7.68,True,NOTINVOLVED_PURCHASE
31065101,l22,X2,c1,87442,2.23,True,NOTINVOLVED_PURCHASE
31262690,l4,X5,c6,34657,6.29,True,NOTINVOLVED_PURCHASE
31348283,l29,X2,c5,109324,9.06,True,NOTINVOLVED_PURCHASE
31426315,l2,X6,c6,53951,7.65,True,NOTINVOLVED_PURCHASE
31455255,l18,X0,c5,80349,12.74,True,NOTINVOLVED_PURCHASE
31588303,A6,a0,c1,81776,2.33,True,SHADOW_PURCHASE1
31637027,A0,X4,c5,104995,27.31,True,NORMAL_PURCHASE
31688940,l26,X5,c6,117577,10.13,True,NOTINVOLVED_PURCHASE
31769426,l14,X5,c6,118987,9.39,True,NOTINVOLVED_PURCHASE
31796701,A1,X2,c5,40458,23.13,True,NORMAL_PURCHASE
31861491,a0,x4,c1,81776,1.52,False,SHADOW_PURCHASE2
31863784,l33,X4,c5,116677,21.93,True,NOTINVOLVED_PURCHASE
31867392,l36,X0,c4,49599,6.9,True,NOTINVOLVED_PURCHASE
31890596,A2,a2,c4,68503,16.14,True,SHADOW_PURCHASE1
31894980,l9,X0,c5,104254,14.23,True,NOTINVOLVED_PURCHASE
31949943,l17,X5,c6,119393,3.05,True,NOTINVOLVED_PURCHASE
31971904,l25,X4,c5,60760,22.68,True,NOTINVOLVED_PURCHASE
32004097,l21,X5,c4,91405,12.67,True,NOTINVOLVED_PURCHASE
32006528,l15,X4,c2,88120,12.8,True,NOTINVOLVED_PURCHASE
32028899,A5,a1,c6,71925,6.34,True,SHADOW_PURCHASE1
32049429,l34,X4,c6,59225,9.3,True,NOTINVOLVED_PURCHASE
32051247,l32,X6,c6,75594,5.83,True,NOTINVOLVED_PURCHASE
32066012,A4,a0,c1,109313,2.71,True,SHADOW_PURCHASE1
32085078,l12,X4,c5,36279,21.51,True,NOTINVOLVED_PURCHASE
32098944,x4,X3,c1,81776,1.0,True,SHADOW_PURCHASE3
32127011,l31,X1,c3,45298,4.54,True,NOTINVOLVED_PURCHASE
32134677,a2,x2,c4,68503,13.32,False,SHADOW_PURCHASE2
32166444,l39,X2,c6,52772,6.38,True,NOTINVOLVED_PURCHASE
32187458,l37,X6,c2,98650,13.32,True,NOTINVOLVED_PURCHASE
32223873,l11,X3,c1,44853,3.6,True,NOTINVOLVED_PURCHASE
32225353,l28,X1,c3,51779,3.64,True,NOTINVOLVED_PURCHASE
32244282,A3,X1,c1,103917,3.73,True,NORMAL_PURCHASE
32269180,l24,X4,c2,76155,6.38,True,NOTINVOLVED_PURCHASE
32269955,l0,X1,c3,41199,4.34,True,NOTINVOLVED_PURCHASE
32287617,a1,x5,c6,71925,2.38,False,SHADOW_PURCHASE2
32292135,l38,X5,c4,86765,16.04,True,NOTINVOLVED_PURCHASE
32296221,l30,X1,c4,109987,9.39,True,NOTINVOLVED_PURCHASE
32303412,a0,x4,c1,109313,1.76,False,SHADOW_PURCHASE2
32313546,l6,X1,c1,45928,2.16,True,NOTINVOLVED_PURCHASE
32345549,l23,X2,c5,80712,27.41,True,NOTINVOLVED_PURCHASE
32370073,x2,X2,c4,68503,12.08,True,SHADOW_PURCHASE3
32389177,l5,X1,c1,63701,3.66,True,NOTINVOLVED_PURCHASE
32393462,l1,X4,c6,87321,7.6,True,NOTINVOLVED_PURCHASE
32403625,l7,X1,c1,106541,2.31,True,NOTINVOLVED_PURCHASE
32458829,l3,X1,c1,92373,3.54,True,NOTINVOLVED_PURCHASE
32568523,x4,X3,c1,109313,1.0,True,SHADOW_PURCHASE3
32570235,x5,X4,c6,71925,1.66,True,SHADOW_PURCHASE3
32585006,A7,X1,c4,42131,7.92,True,NORMAL_PURCHASE
32609448,l19,X4,c5,89629,23.09,True,NOTINVOLVED_PURCHASE
32678611,l35,X4,c2,85602,6.63,True,NOTINVOLVED_PURCHASE
32776289,l20,X2,c5,104333,21.52,True,NOTINVOLVED_PURCHASE
32781780,l27,X3,c1,116449,2.98,True,NOTINVOLVED_PURCHASE
32882567,l10,X1,c6,86256,8.33,True,NOTINVOLVED_PURCHASE
32919432,l8,X3,c4,82738,8.81,True,NOTINVOLVED_PURCHASE
33242102,l16,X4,c2,76719,7.61,True,NOTINVOLVED_PURCHASE
33483224,l13,X2,c1,46724,2.55,True,NOTINVOLVED_PURCHASE
33617972,l22,X5,c4,106210,11.54,True,NOTINVOLVED_PURCHASE
33948619,l4,X4,c5,88534,11.05,True,NOTINVOLVED_PURCHASE
34022660,l29,X1,c3,106252,4.45,True,NOTINVOLVED_PURCHASE
34093853,l26,X0,c5,99117,23.19,True,NOTINVOLVED_PURCHASE
34095943,l18,X0,c6,100763,4.98,True,NOTINVOLVED_PURCHASE
34107959,l2,X5,c6,53792,9.95,True,NOTINVOLVED_PURCHASE
34171984,A6,a5,c1,42984,3.48,True,SHADOW_PURCHASE1
34349086,l25,X5,c6,110091,10.02,True,NOTINVOLVED_PURCHASE
34358357,l9,X4,c4,111849,14.87,True,NOTINVOLVED_PURCHASE
34384940,l14,X4,c4,48542,10.45,True,NOTINVOLVED_PURCHASE
34419839,A5,X4,c4,69875,14.91,True,NORMAL_PURCHASE
34424694,A0,a0,c2,42480,12.24,True,SHADOW_PURCHASE1
34430818,l21,X4,c4,44795,10.09,True,NOTINVOLVED_PURCHASE
34442432,l32,X5,c6,68508,6.58,True,NOTINVOLVED_PURCHASE
34447696,a5,x3,c1,42984,1.65,False,SHADOW_PURCHASE2
34503065,l17,X1,c6,58757,4.0,True,NOTINVOLVED_PURCHASE
34507621,l36,X5,c6,91913,8.26,True,NOTINVOLVED_PURCHASE
34540004,l39,X1,c3,66153,5.57,True,NOTINVOLVED_PURCHASE
34653990,A1,a5,c3,37889,3.33,True,SHADOW_PURCHASE1
34669609,l33,X4,c4,109399,5.07,True,NOTINVOLVED_PURCHASE
34696785,a0,x1,c2,42480,11.89,False,SHADOW_PURCHASE2
34716869,x3,X0,c1,42984,1.0,True,SHADOW_PURCHASE3
34724184,l12,X6,c6,70722,7.5,True,NOTINVOLVED_PURCHASE
34748555,l30,X2,c4,101764,13.36,True,NOTINVOLVED_PURCHASE
34771427,A2,a5,c5,68231,14.67,True,SHADOW_PURCHASE1
34775529,l34,X1,c6,36639,4.81,True,NOTINVOLVED_PURCHASE
34812652,l15,X6,c6,31642,8.9,True,NOTINVOLVED_PURCHASE
34822764,l7,X2,c5,76922,21.52,True,NOTINVOLVED_PURCHASE
34848013,l6,X1,c3,92723,5.85,True,NOTINVOLVED_PURCHASE
34886407,l5,X1,c1,87664,2.87,True,NOTINVOLVED_PURCHASE
34923385,a5,x1,c3,37889,2.95,False,SHADOW_PURCHASE2
34925354,A3,a0,c4,119484,15.09,True,SHADOW_PURCHASE1
34949703,A4,X5,c4,46034,14.62,True,NORMAL_PURCHASE
34978552,x1,X4,c2,42480,9.92,True,SHADOW_PURCHASE3
34989140,l31,X5,c4,71173,7.72,True,NOTINVOLVED_PURCHASE
34996585,l37,X6,c2,118601,8.89,True,NOTINVOLVED_PURCHASE
35015413,a5,x3,c5,68231,7.11,False,SHADOW_PURCHASE2
35022969,l3,X5,c6,41063,9.84,True,NOTINVOLVED_PURCHASE
35034021,l28,X1,c6,31439,4.35,True,NOTINVOLVED_PURCHASE
35042660,l11,X4,c6,100370,7.86,True,NOTINVOLVED_PURCHASE
35047424,l35,X4,c2,112144,9.46,True,NOTINVOLVED_PURCHASE
35066548,l0,X0,c6,95893,9.45,True,NOTINVOLVED_PURCHASE
35097614,l24,X6,c2,80999,6.39,True,NOTINVOLVED_PURCHASE
35110457,l38,X6,c2,35382,10.37,True,NOTINVOLVED_PURCHASE
35169015,l1,X4,c5,61310,7.62,True,NOTINVOLVED_PURCHASE
35182325,x1,X1,c3,37889,1.69,True,SHADOW_PURCHASE3
35189036,l20,X0,c5,38274,11.33,True,NOTINVOLVED_PURCHASE
35199461,a0,x5,c4,119484,6.29,False,SHADOW_PURCHASE2
35203889,l19,X5,c4,77827,8.79,True,NOTINVOLVED_PURCHASE
35217817,l23,X5,c4,75119,12.58,True,NOTINVOLVED_PURCHASE
35249942,x3,X0,c5,68231,3.19,True,SHADOW_PURCHASE3
35289037,l27,X6,c2,103566,8.45,True,NOTINVOLVED_PURCHASE
35472534,A7,X3,c1,91967,2.7,True,NORMAL_PURCHASE
35479154,x5,X4,c4,119484,3.58,True,SHADOW_PURCHASE3
35574359,l8,X5,c6,30118,2.81,True,NOTINVOLVED_PURCHASE
35617887,l10,X5,c4,39831,6.23,True,NOTINVOLVED_PURCHASE
35950963,l13,X6,c2,104656,9.96,True,NOTINVOLVED_PURCHASE
35982888,l16,X3,c4,117291,11.25,True,NOTINVOLVED_PURCHASE
36480907,l29,X2,c5,115377,28.22,True,NOTINVOLVED_PURCHASE
36495327,l22,X0,c4,71438,8.78,True,NOTINVOLVED_PURCHASE
36614283,l26,X4,c4,95274,11.28,True,NOTINVOLVED_PURCHASE
36691441,l4,X5,c4,36893,15.09,True,NOTINVOLVED_PURCHASE
36765048,l2,X6,c2,109494,9.49,True,NOTINVOLVED_PURCHASE
36811607,l25,X5,c4,68066,6.53,True,NOTINVOLVED_PURCHASE
36842053,l18,X2,c6,73007,10.11,True,NOTINVOLVED_PURCHASE
36863622,A6,X5,c6,63847,9.04,True,NORMAL_PURCHASE
36901577,l32,X6,c6,44018,4.74,True,NOTINVOLVED_PURCHASE
36926171,l17,X2,c1,99722,3.21,True,NOTINVOLVED_PURCHASE
36968368,l39,X1,c3,95875,2.7,True,NOTINVOLVED_PURCHASE
37021254,A5,X3,c4,40185,9.58,True,NORMAL_PURCHASE
37042680,l21,X5,c6,80651,7.23,True,NOTINVOLVED_PURCHASE
37056922,l9,X4,c6,54055,7.93,True,NOTINVOLVED_PURCHASE
37142573,A1,X2,c6,56174,8.25,True,NORMAL_PURCHASE
37164204,A0,a0,c6,77802,6.11,True,SHADOW_PURCHASE1
37182768,l36,X2,c6,39625,8.07,True,NOTINVOLVED_PURCHASE
37192827,l14,X5,c4,91440,15.36,True,NOTINVOLVED_PURCHASE
37234605,l15,X6,c2,33864,6.49,True,NOTINVOLVED_PURCHASE
37279492,l5,X3,c1,44069,2.78,True,NOTINVOLVED_PURCHASE
37306618,l30,X2,c1,39830,3.18,True,NOTINVOLVED_PURCHASE
37409164,l6,X5,c6,107426,6.91,True,NOTINVOLVED_PURCHASE
37434250,A2,X5,c6,98839,9.05,True,NORMAL_PURCHASE
37434910,l7,X0,c6,103064,6.27,True,NOTINVOLVED_PURCHASE
37447743,a0,x5,c6,77802,4.13,False,SHADOW_PURCHASE2
37522853,l33,X2,c6,31435,9.96,True,NOTINVOLVED_PURCHASE
37561566,l12,X4,c4,86859,7.45,True,NOTINVOLVED_PURCHASE
37562300,l28,X4,c4,110114,9.86,True,NOTINVOLVED_PURCHASE
37610064,A4,X6,c6,33141,10.23,True,NORMAL_PURCHASE
37630499,l34,X6,c2,92567,9.58,True,NOTINVOLVED_PURCHASE
37633146,l20,X5,c4,32753,16.45,True,NOTINVOLVED_PURCHASE
37690090,l1,X0,c4,60746,15.74,True,NOTINVOLVED_PURCHASE
37711586,x5,X1,c6,77802,2.67,True,SHADOW_PURCHASE3
37752556,l35,X6,c2,51507,10.9,True,NOTINVOLVED_PURCHASE
37757250,l24,X6,c6,34751,3.85,True,NOTINVOLVED_PURCHASE
37780725,A3,X5,c6,59618,6.82,True,NORMAL_PURCHASE
37844608,l31,X5,c4,82133,6.44,True,NOTINVOLVED_PURCHASE
37847473,l3,X0,c6,71044,9.44,True,NOTINVOLVED_PURCHASE
37855650,l37,X6,c2,35902,6.41,True,NOTINVOLVED_PURCHASE
37876523,l19,X4,c5,52328,23.46,True,NOTINVOLVED_PURCHASE
37879308,l38,X6,c6,71248,10.12,True,NOTINVOLVED_PURCHASE
37917936,l27,X4,c5,40846,26.18,True,NOTINVOLVED_PURCHASE
37932106,l11,X3,c1,46821,3.62,True,NOTINVOLVED_PURCHASE
37934568,l0,X0,c4,81048,11.36,True,NOTINVOLVED_PURCHASE
38075707,l23,X2,c1,80842,2.03,True,NOTINVOLVED_PURCHASE
38105944,l10,X6,c2,65232,5.15,True,NOTINVOLVED_PURCHASE
38252251,A7,X4,c6,78265,9.05,True,NORMAL_PURCHASE
38266167,l8,X3,c4,43020,9.43,True,NOTINVOLVED_PURCHASE
38708616,l16,X0,c4,117264,8.06,True,NOTINVOLVED_PURCHASE
38775204,l13,X2,c5,81151,28.01,True,NOTINVOLVED_PURCHASE
38977031,l29,X1,c3,82654,3.06,True,NOTINVOLVED_PURCHASE
39298471,l2,X6,c6,63997,10.08,True,NOTINVOLVED_PURCHASE
39360992,l26,X5,c4,34207,13.61,True,NOTINVOLVED_PURCHASE
39363429,l22,X0,c4,64997,8.8,True,NOTINVOLVED_PURCHASE
39437783,l4,X6,c2,70451,8.95,True,NOTINVOLVED_PURCHASE
39454778,l9,X0,c4,43084,16.08,True,NOTINVOLVED_PURCHASE
39474406,A6,X2,c5,77891,16.18,True,NORMAL_PURCHASE
39479223,l39,X2,c1,74316,3.63,True,NOTINVOLVED_PURCHASE
39512255,l25,X6,c2,94327,11.55,True,NOTINVOLVED_PURCHASE
39642171,l17,X5,c6,44190,8.53,True,NOTINVOLVED_PURCHASE
39651317,l18,X6,c2,87094,5.55,True,NOTINVOLVED_PURCHASE
39677365,A5,a1,c3,49110,5.9,True,SHADOW_PURCHASE1
39704940,l32,X3,c1,88993,3.19,True,NOTINVOLVED_PURCHASE
39759847,A1,X0,c5,56884,11.34,True,NORMAL_PURCHASE
39762748,l36,X5,c6,117576,9.94,True,NOTINVOLVED_PURCHASE
39762875,l30,X0,c1,105375,2.53,True,NOTINVOLVED_PURCHASE
39763824,l21,X2,c6,99825,4.2,True,NOTINVOLVED_PURCHASE
39952091,a1,x1,c3,49110,4.93,False,SHADOW_PURCHASE2
39979555,l14,X4,c5,65612,11.35,True,NOTINVOLVED_PURCHASE
39990748,l7,X3,c1,44073,2.06,True,NOTINVOLVED_PURCHASE
40017994,A0,X2,c6,63825,5.77,True,NORMAL_PURCHASE
40095383,l15,X3,c1,33275,3.63,True,NOTINVOLVED_PURCHASE
40136645,l6,X4,c2,98355,4.47,True,NOTINVOLVED_PURCHASE
40155265,l5,X1,c4,39932,5.3,True,NOTINVOLVED_PURCHASE
40193453,A2,a0,c3,37410,5.45,True,SHADOW_PURCHASE1
40201546,x1,X1,c3,49110,3.72,True,SHADOW_PURCHASE3
40206282,l33,X1,c3,59220,5.03,True,NOTINVOLVED_PURCHASE
40237725,l1,X0,c1,33602,2.63,True,NOTINVOLVED_PURCHASE
40240111,A4,X0,c6,49144,6.99,True,NORMAL_PURCHASE
40242236,l35,X3,c4,37914,12.57,True,NOTINVOLVED_PURCHASE
40280220,l34,X5,c6,57024,6.64,True,NOTINVOLVED_PURCHASE
40303875,l12,X6,c6,112546,4.04,True,NOTINVOLVED_PURCHASE
40329324,l0,X1,c6,55600,6.19,True,NOTINVOLVED_PURCHASE
40386785,l24,X4,c4,73276,14.34,True,NOTINVOLVED_PURCHASE
40413284,l20,X6,c2,44092,5.14,True,NOTINVOLVED_PURCHASE
40414543,l28,X3,c4,80125,6.52,True,NOTINVOLVED_PURCHASE
40457421,l19,X4,c5,50619,22.88,True,NOTINVOLVED_PURCHASE
40464720,a0,x5,c3,37410,2.97,False,SHADOW_PURCHASE2
40479619,l31,X4,c6,75606,3.6,True,NOTINVOLVED_PURCHASE
40515824,l38,X6,c6,64675,7.91,True,NOTINVOLVED_PURCHASE
40549329,A3,X1,c6,92482,7.55,True,NORMAL_PURCHASE
40555525,l37,X3,c1,42216,3.68,True,NOTINVOLVED_PURCHASE
40577432,l10,X0,c1,51529,3.63,True,NOTINVOLVED_PURCHASE
40580919,l23,X2,c6,33336,10.29,True,NOTINVOLVED_PURCHASE
40632821,l3,X5,c6,59818,8.37,True,NOTINVOLVED_PURCHASE
40679960,l11,X2,c4,50079,13.36,True,NOTINVOLVED_PURCHASE
40735292,x5,X1,c3,37410,1.85,True,SHADOW_PURCHASE3
40790729,l27,X5,c4,85282,7.12,True,NOTINVOLVED_PURCHASE
40824528,A7,a3,c1,53573,2.18,True,SHADOW_PURCHASE1
40844368,l8,X6,c6,93790,3.09,True,NOTINVOLVED_PURCHASE
41088485,a3,x2,c1,53573,1.84,False,SHADOW_PURCHASE2
41156962,l16,X6,c2,116109,3.9,True,NOTINVOLVED_PURCHASE
41365762,x2,X0,c1,53573,1.0,True,SHADOW_PURCHASE3
41588473,l29,X4,c6,61868,10.04,True,NOTINVOLVED_PURCHASE
41666212,l13,X2,c1,46443,3.13,True,NOTINVOLVED_PURCHASE
41840957,l2,X3,c1,98353,3.63,True,NOTINVOLVED_PURCHASE
41893552,l4,X3,c1,31486,2.58,True,NOTINVOLVED_PURCHASE
41981655,A6,X1,c3,71392,4.08,True,NORMAL_PURCHASE
42032016,l26,X5,c6,106074,5.32,True,NOTINVOLVED_PURCHASE
42032271,l18,X2,c1,64647,2.52,True,NOTINVOLVED_PURCHASE
42044126,l9,X4,c2,109155,8.5,True,NOTINVOLVED_PURCHASE
42076233,l22,X5,c4,40588,8.53,True,NOTINVOLVED_PURCHASE
42137735,l25,X6,c2,109500,6.46,True,NOTINVOLVED_PURCHASE
42154014,A5,X3,c1,49556,3.88,True,NORMAL_PURCHASE
42263427,l39,X6,c2,70341,5.44,True,NOTINVOLVED_PURCHASE
42353515,l21,X5,c6,98450,9.52,True,NOTINVOLVED_PURCHASE
42377668,l32,X5,c4,72254,16.27,True,NOTINVOLVED_PURCHASE
42403144,l36,X0,c1,57628,3.91,True,NOTINVOLVED_PURCHASE
42413988,l17,X2,c4,108374,14.09,True,NOTINVOLVED_PURCHASE
42423241,l30,X0,c4,70694,14.81,True,NOTINVOLVED_PURCHASE
42562825,l14,X5,c6,105444,9.85,True,NOTINVOLVED_PURCHASE
42563012,l7,X2,c6,32472,8.9,True,NOTINVOLVED_PURCHASE
42584458,A1,X3,c1,38318,3.17,True,NORMAL_PURCHASE
42657028,A0,X6,c2,90414,9.49,True,NORMAL_PURCHASE
42666394,l15,X6,c6,75176,9.48,True,NOTINVOLVED_PURCHASE
42687923,l1,X6,c6,62484,5.32,True,NOTINVOLVED_PURCHASE
42709157,l12,X6,c2,68252,6.68,True,NOTINVOLVED_PURCHASE
42735141,l35,X0,c1,51743,2.56,True,NOTINVOLVED_PURCHASE
42765769,l33,X1,c6,86212,5.0,True,NOTINVOLVED_PURCHASE
42774002,l34,X6,c6,119910,5.28,True,NOTINVOLVED_PURCHASE
42816034,l5,X3,c4,81299,12.8,True,NOTINVOLVED_PURCHASE
42847011,A2,X0,c1,42775,3.46,True,NORMAL_PURCHASE
42856331,l6,X1,c6,109512,10.11,True,NOTINVOLVED_PURCHASE
42888080,l31,X1,c6,51330,10.34,True,NOTINVOLVED_PURCHASE
42907715,l24,X2,c4,40355,8.55,True,NOTINVOLVED_PURCHASE
43004489,l0,X6,c2,107808,12.22,True,NOTINVOLVED_PURCHASE
43009158,l3,X5,c6,79852,3.72,True,NOTINVOLVED_PURCHASE
43071549,A3,a0,c5,53184,13.84,True,SHADOW_PURCHASE1
43075532,l23,X0,c1,31642,2.62,True,NOTINVOLVED_PURCHASE
43085594,A4,X5,c4,32677,10.54,True,NORMAL_PURCHASE
43149012,l37,X3,c1,81214,2.03,True,NOTINVOLVED_PURCHASE
43193145,l28,X3,c4,41052,4.91,True,NOTINVOLVED_PURCHASE
43209082,l20,X2,c1,46216,3.55,True,NOTINVOLVED_PURCHASE
43266229,A7,X3,c4,65993,6.23,True,NORMAL_PURCHASE
43279238,l11,X0,c4,100042,13.98,True,NOTINVOLVED_PURCHASE
43324370,a0,x1,c5,53184,13.19,False,SHADOW_PURCHASE2
43332298,l19,X1,c6,35995,4.05,True,NOTINVOLVED_PURCHASE
43332437,l38,X4,c6,41482,5.88,True,NOTINVOLVED_PURCHASE
43334081,l8,X3,c4,60715,11.69,True,NOTINVOLVED_PURCHASE
43348830,l10,X6,c2,115048,12.74,True,NOTINVOLVED_PURCHASE
43608994,x1,X4,c5,53184,12.77,True,SHADOW_PURCHASE3
43645636,l27,X4,c6,108380,9.41,True,NOTINVOLVED_PURCHASE
43820386,l16,X0,c4,117470,9.92,True,NOTINVOLVED_PURCHASE
44074652,l13,X2,c5,49012,18.98,True,NOTINVOLVED_PURCHASE
44076832,l29,X1,c3,60654,3.74,True,NOTINVOLVED_PURCHASE
44405387,l18,X0,c1,31687,2.72,True,NOTINVOLVED_PURCHASE
44439667,A6,X0,c1,103427,3.51,True,NORMAL_PURCHASE
44507529,l2,X6,c6,103108,2.94,True,NOTINVOLVED_PURCHASE
44575073,l9,X6,c2,60886,6.26,True,NOTINVOLVED_PURCHASE
44636916,l26,X1,c6,110991,6.98,True,NOTINVOLVED_PURCHASE
44672816,l39,X2,c6,119246,5.43,True,NOTINVOLVED_PURCHASE
44705277,l4,X3,c1,70134,3.0,True,NOTINVOLVED_PURCHASE
44815143,l22,X5,c6,86335,10.33,True,NOTINVOLVED_PURCHASE
44827379,l32,X3,c4,42881,7.48,True,NOTINVOLVED_PURCHASE
44912371,A5,X3,c4,85554,5.43,True,NORMAL_PURCHASE
44961684,l25,X4,c2,74245,4.99,True,NOTINVOLVED_PURCHASE
44970280,l30,X3,c4,119064,10.96,True,NOTINVOLVED_PURCHASE
44980979,l17,X2,c6,69723,5.8,True,NOTINVOLVED_PURCHASE
45061455,l36,X5,c6,117566,3.91,True,NOTINVOLVED_PURCHASE
45137810,l21,X2,c6,64148,6.39,True,NOTINVOLVED_PURCHASE
45143052,l35,X6,c6,118678,8.13,True,NOTINVOLVED_PURCHASE
45165958,l15,X3,c1,97711,2.32,True,NOTINVOLVED_PURCHASE
45200751,l33,X4,c2,88310,4.42,True,NOTINVOLVED_PURCHASE
45222672,l1,X6,c6,88777,10.04,True,NOTINVOLVED_PURCHASE
45237096,l7,X2,c1,99933,3.69,True,NOTINVOLVED_PURCHASE
45284046,l6,X5,c4,106436,16.41,True,NOTINVOLVED_PURCHASE
45302394,l31,X4,c5,112387,25.11,True,NOTINVOLVED_PURCHASE
45374402,A0,a4,c2,81046,8.11,True,SHADOW_PURCHASE1
45395181,A1,X3,c1,115763,3.43,True,NORMAL_PURCHASE
45419900,l14,X6,c6,101382,3.27,True,NOTINVOLVED_PURCHASE
45448533,l34,X6,c2,69166,4.08,True,NOTINVOLVED_PURCHASE
45476518,l0,X2,c1,85958,3.66,True,NOTINVOLVED_PURCHASE
45502359,l12,X3,c4,119539,13.36,True,NOTINVOLVED_PURCHASE
45515682,A4,a1,c5,37373,20.71,True,SHADOW_PURCHASE1
45579101,l20,X5,c4,33777,14.32,True,NOTINVOLVED_PURCHASE
45600404,l24,X2,c4,117743,12.05,True,NOTINVOLVED_PURCHASE
45632409,A2,a0,c5,83050,25.57,True,SHADOW_PURCHASE1
45632757,a4,x2,c2,81046,7.63,False,SHADOW_PURCHASE2
45647225,l5,X1,c3,113368,5.07,True,NOTINVOLVED_PURCHASE
45651194,l3,X5,c4,103753,5.72,True,NOTINVOLVED_PURCHASE
45671326,l11,X2,c6,53298,10.0,True,NOTINVOLVED_PURCHASE
45674552,l23,X2,c1,77205,2.71,True,NOTINVOLVED_PURCHASE
45689205,A3,X4,c5,91606,20.63,True,NORMAL_PURCHASE
45692980,l37,X0,c6,89189,7.6,True,NOTINVOLVED_PURCHASE
45700676,l28,X1,c4,117753,5.55,True,NOTINVOLVED_PURCHASE
45778675,a1,x5,c5,37373,15.64,False,SHADOW_PURCHASE2
45856956,l10,X6,c6,93295,8.84,True,NOTINVOLVED_PURCHASE
45881089,a0,x1,c5,83050,16.57,False,SHADOW_PURCHASE2
45905244,x2,X4,c2,81046,6.46,True,SHADOW_PURCHASE3
45996453,l8,X5,c6,98711,4.31,True,NOTINVOLVED_PURCHASE
46014134,x5,X2,c5,37373,14.58,True,SHADOW_PURCHASE3
46055739,l27,X6,c2,76239,8.04,True,NOTINVOLVED_PURCHASE
46062844,l38,X4,c6,94467,9.37,True,NOTINVOLVED_PURCHASE
46081923,A7,X4,c5,42119,11.63,True,NORMAL_PURCHASE
46125037,x1,X2,c5,83050,11.38,True,SHADOW_PURCHASE3
46222512,l19,X0,c1,48562,3.82,True,NOTINVOLVED_PURCHASE
46556931,l13,X4,c6,77641,3.28,True,NOTINVOLVED_PURCHASE
46699641,l16,X4,c6,50661,6.41,True,NOTINVOLVED_PURCHASE
46739390,l29,X0,c4,111508,13.81,True,NOTINVOLVED_PURCHASE
47014075,l18,X6,c6,77213,4.17,True,NOTINVOLVED_PURCHASE
47115205,l2,X6,c6,95683,6.57,True,NOTINVOLVED_PURCHASE
47119424,A6,a4,c3,63267,4.39,True,SHADOW_PURCHASE1
47199583,l32,X6,c2,70430,12.0,True,NOTINVOLVED_PURCHASE
47221621,l22,X4,c4,103138,12.53,True,NOTINVOLVED_PURCHASE
47341087,l30,X3,c1,68220,3.74,True,NOTINVOLVED_PURCHASE
47358499,a4,x2,c3,63267,2.85,False,SHADOW_PURCHASE2
47361853,l39,X2,c5,86392,21.36,True,NOTINVOLVED_PURCHASE
47407413,l25,X3,c4,36802,6.45,True,NOTINVOLVED_PURCHASE
47414721,l9,X6,c2,32480,8.06,True,NOTINVOLVED_PURCHASE
47415601,l17,X1,c1,114782,3.2,True,NOTINVOLVED_PURCHASE
47454884,l26,X1,c3,44827,2.25,True,NOTINVOLVED_PURCHASE
47516695,l4,X4,c6,106082,3.05,True,NOTINVOLVED_PURCHASE
47524606,l35,X6,c2,65829,4.86,True,NOTINVOLVED_PURCHASE
47536205,l36,X0,c5,96157,6.72,True,NOTINVOLVED_PURCHASE
47602562,x2,X1,c3,63267,1.18,True,SHADOW_PURCHASE3
47631315,l33,X2,c5,90630,14.27,True,NOTINVOLVED_PURCHASE
47686168,l21,X4,c5,98682,11.95,True,NOTINVOLVED_PURCHASE
47751911,A0,X6,c6,60314,10.35,True,NORMAL_PURCHASE
47768934,A5,X4,c5,98286,11.87,True,NORMAL_PURCHASE
47931514,l34,X4,c6,87667,8.15,True,NOTINVOLVED_PURCHASE
47980643,l15,X5,c4,33635,11.1,True,NOTINVOLVED_PURCHASE
48001638,l31,X5,c4,74741,7.7,True,NOTINVOLVED_PURCHASE
48019685,l5,X0,c5,103266,6.54,True,NOTINVOLVED_PURCHASE
48030621,l7,X0,c4,49159,12.38,True,NOTINVOLVED_PURCHASE
48037080,A4,a0,c4,50369,5.44,True,SHADOW_PURCHASE1
48061314,l3,X1,c1,91506,2.89,True,NOTINVOLVED_PURCHASE
48066866,l20,X0,c4,72258,7.18,True,NOTINVOLVED_PURCHASE
48076019,l14,X4,c2,52330,5.83,True,NOTINVOLVED_PURCHASE
48077048,l6,X4,c5,60623,26.67,True,NOTINVOLVED_PURCHASE
48093939,l0,X0,c5,76346,10.66,True,NOTINVOLVED_PURCHASE
48112229,l1,X4,c4,74835,7.52,True,NOTINVOLVED_PURCHASE
48176609,l23,X3,c1,51118,2.03,True,NOTINVOLVED_PURCHASE
48185358,l24,X3,c1,113377,2.08,True,NOTINVOLVED_PURCHASE
48203412,l11,X2,c4,37638,6.61,True,NOTINVOLVED_PURCHASE
48204262,l37,X6,c2,47499,8.34,True,NOTINVOLVED_PURCHASE
48221654,A1,a0,c5,64174,25.83,True,SHADOW_PURCHASE1
48238092,l10,X6,c2,112333,8.15,True,NOTINVOLVED_PURCHASE
48275326,a0,x3,c4,50369,4.14,False,SHADOW_PURCHASE2
48328708,l12,X0,c5,79649,12.72,True,NOTINVOLVED_PURCHASE
48335630,l28,X1,c6,117803,3.57,True,NOTINVOLVED_PURCHASE
48444536,A2,a5,c5,66199,18.76,True,SHADOW_PURCHASE1
48458842,l8,X6,c2,95149,5.03,True,NOTINVOLVED_PURCHASE
48470672,a0,x3,c5,64174,15.35,False,SHADOW_PURCHASE2
48471061,A3,X1,c4,43364,10.5,True,NORMAL_PURCHASE
48555262,x3,X3,c4,50369,3.67,True,SHADOW_PURCHASE3
48651755,l38,X6,c6,93179,7.94,True,NOTINVOLVED_PURCHASE
48698409,a5,x4,c5,66199,14.25,False,SHADOW_PURCHASE2
48708268,A7,a1,c3,119215,5.17,True,SHADOW_PURCHASE1
48726148,x3,X0,c5,64174,9.53,True,SHADOW_PURCHASE3
48930791,l27,X5,c6,74118,5.93,True,NOTINVOLVED_PURCHASE
48963955,a1,x2,c3,119215,2.27,False,SHADOW_PURCHASE2
48976408,x4,X4,c5,66199,5.14,True,SHADOW_PURCHASE3
49102621,l19,X0,c6,79839,3.53,True,NOTINVOLVED_PURCHASE
49118040,l29,X4,c4,112130,10.11,True,NOTINVOLVED_PURCHASE
49140168,l16,X4,c2,45300,12.7,True,NOTINVOLVED_PURCHASE
49143263,l13,X6,c6,30085,9.72,True,NOTINVOLVED_PURCHASE
49246667,x2,X1,c3,119215,1.2,True,SHADOW_PURCHASE3
49421308,l18,X4,c6,61862,8.55,True,NOTINVOLVED_PURCHASE
49585448,A6,a4,c4,87128,8.45,True,SHADOW_PURCHASE1
49735511,l22,X5,c6,119233,8.08,True,NOTINVOLVED_PURCHASE
49771488,l30,X3,c1,62262,3.47,True,NOTINVOLVED_PURCHASE
49867645,a4,x2,c4,87128,6.4,False,SHADOW_PURCHASE2
49931642,l26,X4,c5,117787,9.81,True,NOTINVOLVED_PURCHASE
49953652,l4,X6,c2,117996,6.48,True,NOTINVOLVED_PURCHASE
49981823,l32,X6,c2,82087,12.61,True,NOTINVOLVED_PURCHASE
50001438,l2,X6,c2,39193,4.19,True,NOTINVOLVED_PURCHASE
50023986,l39,X1,c4,42979,6.61,True,NOTINVOLVED_PURCHASE
50031826,l36,X5,c6,91897,4.41,True,NOTINVOLVED_PURCHASE
50057529,l35,X3,c1,100375,2.37,True,NOTINVOLVED_PURCHASE
50080980,l21,X2,c5,102586,20.09,True,NOTINVOLVED_PURCHASE
50094134,l25,X4,c4,49504,8.15,True,NOTINVOLVED_PURCHASE
50111736,l9,X6,c2,65564,4.69,True,NOTINVOLVED_PURCHASE
50125938,x2,X4,c4,87128,4.64,True,SHADOW_PURCHASE3
50162715,l33,X4,c2,45788,10.5,True,NOTINVOLVED_PURCHASE
50216650,l17,X5,c6,117796,6.19,True,NOTINVOLVED_PURCHASE
50366690,l34,X5,c4,105777,10.37,True,NOTINVOLVED_PURCHASE
50515261,A0,a5,c5,39478,18.94,True,SHADOW_PURCHASE1
50589910,l1,X5,c6,69274,6.84,True,NOTINVOLVED_PURCHASE
50608403,A5,a2,c2,97377,11.48,True,SHADOW_PURCHASE1
50608486,l0,X0,c4,67973,5.25,True,NOTINVOLVED_PURCHASE
50645121,l5,X1,c4,119836,8.22,True,NOTINVOLVED_PURCHASE
50649448,l10,X6,c6,43143,10.5,True,NOTINVOLVED_PURCHASE
50663265,l15,X6,c2,38409,7.93,True,NOTINVOLVED_PURCHASE
50689524,l6,X3,c1,105025,3.72,True,NOTINVOLVED_PURCHASE
50716422,l20,X5,c4,115401,12.58,True,NOTINVOLVED_PURCHASE
50729585,l37,X6,c2,63565,6.03,True,NOTINVOLVED_PURCHASE
50780966,a5,x4,c5,39478,15.03,False,SHADOW_PURCHASE2
50804701,A1,X3,c1,113162,3.8,True,NORMAL_PURCHASE
50822040,l24,X3,c4,60501,10.96,True,NOTINVOLVED_PURCHASE
50836580,l7,X0,c4,106401,14.26,True,NOTINVOLVED_PURCHASE
50839917,l14,X4,c2,92785,11.73,True,NOTINVOLVED_PURCHASE
50867352,A4,X1,c4,73615,15.73,True,NORMAL_PURCHASE
50872640,l31,X4,c5,47681,24.01,True,NOTINVOLVED_PURCHASE
50882049,a2,x0,c2,97377,6.77,False,SHADOW_PURCHASE2
50918343,l23,X3,c1,99884,3.86,True,NOTINVOLVED_PURCHASE
50932444,l3,X3,c1,58557,3.03,True,NOTINVOLVED_PURCHASE
50966896,A3,X1,c3,117063,2.26,True,NORMAL_PURCHASE
51015547,x4,X4,c5,39478,12.45,True,SHADOW_PURCHASE3
51055187,A2,X3,c4,119613,15.02,True,NORMAL_PURCHASE
51059859,l11,X0,c1,65410,2.96,True,NOTINVOLVED_PURCHASE
51065227,l8,X4,c2,103829,11.56,True,NOTINVOLVED_PURCHASE
51094450,l12,X6,c6,47128,3.3,True,NOTINVOLVED_PURCHASE
51130846,l28,X4,c5,50818,13.46,True,NOTINVOLVED_PURCHASE
51157858,x0,X6,c2,97377,3.88,True,SHADOW_PURCHASE3
51258349,A7,a1,c3,50067,5.12,True,SHADOW_PURCHASE1
51419864,l38,X6,c6,85746,3.54,True,NOTINVOLVED_PURCHASE
51493273,l27,X5,c4,44498,8.97,True,NOTINVOLVED_PURCHASE
51497880,a1,x5,c3,50067,4.88,False,SHADOW_PURCHASE2
51521823,l29,X0,c4,104282,10.42,True,NOTINVOLVED_PURCHASE
51583879,l16,X6,c6,56649,8.41,True,NOTINVOLVED_PURCHASE
51725646,l13,X1,c3,78015,5.91,True,NOTINVOLVED_PURCHASE
51766482,x5,X1,c3,50067,2.49,True,SHADOW_PURCHASE3
51834839,l19,X5,c6,63129,3.82,True,NOTINVOLVED_PURCHASE
51978249,l18,X4,c4,72213,10.04,True,NOTINVOLVED_PURCHASE
52360874,l30,X2,c6,116327,4.58,True,NOTINVOLVED_PURCHASE
52471371,A6,a5,c5,81087,20.92,True,SHADOW_PURCHASE1
52481377,l4,X3,c1,99203,3.62,True,NOTINVOLVED_PURCHASE
52579624,l22,X5,c6,88960,9.44,True,NOTINVOLVED_PURCHASE
52601256,l9,X3,c4,40953,15.54,True,NOTINVOLVED_PURCHASE
52612421,l26,X0,c4,93305,9.26,True,NOTINVOLVED_PURCHASE
52664469,l39,X6,c6,55174,7.57,True,NOTINVOLVED_PURCHASE
52676610,l36,X0,c4,31502,14.63,True,NOTINVOLVED_PURCHASE
52692279,l33,X4,c4,51114,9.16,True,NOTINVOLVED_PURCHASE
52708274,a5,x4,c5,81087,14.33,False,SHADOW_PURCHASE2
52710481,l32,X5,c4,111003,9.66,True,NOTINVOLVED_PURCHASE
52717525,l17,X1,c6,116945,5.2,True,NOTINVOLVED_PURCHASE
52759646,l35,X6,c6,70319,8.19,True,NOTINVOLVED_PURCHASE
52860228,l2,X6,c2,48875,4.71,True,NOTINVOLVED_PURCHASE
52877824,l25,X4,c6,112387,8.2,True,NOTINVOLVED_PURCHASE
52928673,l21,X4,c5,65628,13.66,True,NOTINVOLVED_PURCHASE
52943041,l34,X4,c4,95305,11.47,True,NOTINVOLVED_PURCHASE
52992505,x4,X4,c5,81087,7.64,True,SHADOW_PURCHASE3
53036891,l0,X1,c3,80058,4.81,True,NOTINVOLVED_PURCHASE
53063313,l1,X4,c6,106599,4.37,True,NOTINVOLVED_PURCHASE
53090426,l5,X0,c5,73474,7.04,True,NOTINVOLVED_PURCHASE
53112565,l6,X4,c4,35469,15.82,True,NOTINVOLVED_PURCHASE
53121627,A0,X2,c5,116326,22.5,True,NORMAL_PURCHASE
53282888,A1,X0,c6,87749,8.27,True,NORMAL_PURCHASE
53366312,l10,X1,c1,30620,3.22,True,NOTINVOLVED_PURCHASE
53376547,A5,X1,c6,40692,6.88,True,NORMAL_PURCHASE
53417853,l24,X4,c6,49587,10.15,True,NOTINVOLVED_PURCHASE
53452513,A2,X0,c4,93907,6.37,True,NORMAL_PURCHASE
53466834,l15,X6,c6,73361,4.41,True,NOTINVOLVED_PURCHASE
53468585,l14,X3,c4,88863,12.91,True,NOTINVOLVED_PURCHASE
53472428,l11,X4,c2,113718,3.93,True,NOTINVOLVED_PURCHASE
53481760,l20,X6,c6,52308,7.12,True,NOTINVOLVED_PURCHASE
53492292,l7,X0,c5,105001,16.14,True,NOTINVOLVED_PURCHASE
53512623,l3,X1,c4,86955,15.11,True,NOTINVOLVED_PURCHASE
53573532,l8,X3,c4,53020,12.57,True,NOTINVOLVED_PURCHASE
53611199,l37,X3,c4,86253,15.43,True,NOTINVOLVED_PURCHASE
53611784,l12,X3,c1,48189,3.76,True,NOTINVOLVED_PURCHASE
53639428,l31,X4,c4,90211,10.17,True,NOTINVOLVED_PURCHASE
53729144,l23,X2,c1,73684,2.64,True,NOTINVOLVED_PURCHASE
53738644,A4,X0,c5,100737,10.76,True,NORMAL_PURCHASE
53819679,A3,X0,c6,40537,6.97,True,NORMAL_PURCHASE
53924683,l28,X0,c1,107812,2.06,True,NOTINVOLVED_PURCHASE
53997742,l16,X6,c6,48637,6.23,True,NOTINVOLVED_PURCHASE
54038230,l29,X4,c6,110982,7.36,True,NOTINVOLVED_PURCHASE
54077683,A7,X1,c1,118125,2.86,True,NORMAL_PURCHASE
54175003,l27,X4,c2,111113,8.49,True,NOTINVOLVED_PURCHASE
54244160,l38,X3,c4,97965,12.3,True,NOTINVOLVED_PURCHASE
54275420,l13,X6,c6,85161,3.85,True,NOTINVOLVED_PURCHASE
54606049,l19,X1,c1,111634,3.13,True,NOTINVOLVED_PURCHASE
54773666,l18,X0,c5,83586,25.87,True,NOTINVOLVED_PURCHASE
54907241,l30,X2,c6,103103,9.49,True,NOTINVOLVED_PURCHASE
55025416,A6,X0,c6,71558,10.56,True,NORMAL_PURCHASE
55061187,l22,X2,c6,36344,5.92,True,NOTINVOLVED_PURCHASE
55122745,l33,X4,c5,101572,7.43,True,NOTINVOLVED_PURCHASE
55154105,l36,X1,c6,61588,7.79,True,NOTINVOLVED_PURCHASE
55206039,l32,X6,c2,35478,5.82,True,NOTINVOLVED_PURCHASE
55315694,l4,X3,c4,33998,10.36,True,NOTINVOLVED_PURCHASE
55325003,l26,X5,c4,111810,15.83,True,NOTINVOLVED_PURCHASE
55329078,l35,X0,c4,30182,9.19,True,NOTINVOLVED_PURCHASE
55329179,l39,X1,c3,109898,4.03,True,NOTINVOLVED_PURCHASE
55345594,l17,X1,c3,35238,5.61,True,NOTINVOLVED_PURCHASE
55378413,l25,X4,c6,57142,6.96,True,NOTINVOLVED_PURCHASE
55393647,l9,X6,c6,89258,10.23,True,NOTINVOLVED_PURCHASE
55552701,l2,X5,c6,90716,3.77,True,NOTINVOLVED_PURCHASE
55583137,l6,X4,c6,67841,3.21,True,NOTINVOLVED_PURCHASE
55697632,l5,X3,c4,72358,6.33,True,NOTINVOLVED_PURCHASE
55723817,l21,X4,c5,76373,25.3,True,NOTINVOLVED_PURCHASE
55790815,l1,X6,c6,119634,8.08,True,NOTINVOLVED_PURCHASE
55803521,l34,X4,c5,62999,6.32,True,NOTINVOLVED_PURCHASE
55806500,l10,X5,c4,103963,5.73,True,NOTINVOLVED_PURCHASE
55824031,l0,X2,c6,45299,8.51,True,NOTINVOLVED_PURCHASE
55926144,A0,a1,c2,78086,10.42,True,SHADOW_PURCHASE1
55954107,A1,X2,c6,93893,6.39,True,NORMAL_PURCHASE
56004155,l8,X6,c2,119678,5.89,True,NOTINVOLVED_PURCHASE
56045943,A5,X0,c6,45954,3.0,True,NORMAL_PURCHASE
56100963,l15,X4,c5,81644,10.09,True,NOTINVOLVED_PURCHASE
56113955,A2,a1,c1,54488,1.99,True,SHADOW_PURCHASE1
56135321,l37,X3,c1,48047,3.2,True,NOTINVOLVED_PURCHASE
56176110,a1,x1,c2,78086,6.76,False,SHADOW_PURCHASE2
56192807,l20,X6,c6,78681,9.91,True,NOTINVOLVED_PURCHASE
56243573,l12,X6,c6,111497,6.6,True,NOTINVOLVED_PURCHASE
56280238,l3,X0,c1,67430,3.23,True,NOTINVOLVED_PURCHASE
56281878,l24,X2,c1,81300,2.98,True,NOTINVOLVED_PURCHASE
56287552,l7,X1,c4,52154,11.84,True,NOTINVOLVED_PURCHASE
56305677,l11,X2,c4,74103,10.79,True,NOTINVOLVED_PURCHASE
56311660,l28,X3,c1,101653,3.37,True,NOTINVOLVED_PURCHASE
56331812,A4,a1,c1,75063,3.64,True,SHADOW_PURCHASE1
56337360,l14,X4,c4,68775,12.25,True,NOTINVOLVED_PURCHASE
56395479,a1,x2,c1,54488,1.65,False,SHADOW_PURCHASE2
56418966,x1,X4,c2,78086,3.68,True,SHADOW_PURCHASE3
56442536,A3,X5,c4,75314,10.59,True,NORMAL_PURCHASE
56471810,l31,X2,c4,105485,8.2,True,NOTINVOLVED_PURCHASE
56503352,l29,X1,c4,48614,15.77,True,NOTINVOLVED_PURCHASE
56567499,l23,X0,c5,41632,21.73,True,NOTINVOLVED_PURCHASE
56581979,a1,x4,c1,75063,2.22,False,SHADOW_PURCHASE2
56678123,x2,X2,c1,54488,1.0,True,SHADOW_PURCHASE3
56691513,l13,X1,c3,76998,5.62,True,NOTINVOLVED_PURCHASE
56780760,l38,X5,c6,98880,8.69,True,NOTINVOLVED_PURCHASE
56781630,A7,X1,c4,99550,16.52,True,NORMAL_PURCHASE
56788189,l16,X0,c6,66706,4.06,True,NOTINVOLVED_PURCHASE
56821080,x4,X3,c1,75063,1.1,True,SHADOW_PURCHASE3
56959392,l27,X5,c6,93577,7.73,True,NOTINVOLVED_PURCHASE
57297338,l19,X4,c5,30235,18.55,True,NOTINVOLVED_PURCHASE
57606766,A6,X0,c5,88903,22.97,True,NORMAL_PURCHASE
57661254,l18,X2,c5,90335,27.1,True,NOTINVOLVED_PURCHASE
57724813,l17,X1,c6,35988,6.45,True,NOTINVOLVED_PURCHASE
57748151,l30,X3,c4,78662,13.45,True,NOTINVOLVED_PURCHASE
57755090,l33,X2,c5,43865,6.57,True,NOTINVOLVED_PURCHASE
57802681,l36,X2,c5,50582,22.86,True,NOTINVOLVED_PURCHASE
57848720,l25,X5,c4,75294,12.66,True,NOTINVOLVED_PURCHASE
57858377,l32,X6,c6,33192,9.68,True,NOTINVOLVED_PURCHASE
57858413,l22,X4,c5,96771,8.94,True,NOTINVOLVED_PURCHASE
57984243,l6,X1,c1,37960,3.11,True,NOTINVOLVED_PURCHASE
58001347,l35,X4,c4,108053,14.92,True,NOTINVOLVED_PURCHASE
58001674,l4,X3,c4,90902,7.52,True,NOTINVOLVED_PURCHASE
58016729,l2,X0,c6,52699,7.17,True,NOTINVOLVED_PURCHASE
58126780,l26,X5,c4,50569,7.07,True,NOTINVOLVED_PURCHASE
58200714,l39,X1,c1,112796,3.86,True,NOTINVOLVED_PURCHASE
58201243,l1,X0,c6,64411,5.09,True,NOTINVOLVED_PURCHASE
58282042,l9,X4,c2,103231,10.67,True,NOTINVOLVED_PURCHASE
58293463,l21,X3,c1,110714,2.37,True,NOTINVOLVED_PURCHASE
58335120,l5,X3,c1,33777,3.19,True,NOTINVOLVED_PURCHASE
58342303,A1,X2,c6,101740,5.79,True,NORMAL_PURCHASE
58352354,l34,X5,c4,41631,13.22,True,NOTINVOLVED_PURCHASE
58370066,A0,a0,c5,115876,17.75,True,SHADOW_PURCHASE1
58447193,l10,X5,c6,84126,5.59,True,NOTINVOLVED_PURCHASE
58477720,l8,X6,c6,52415,10.52,True,NOTINVOLVED_PURCHASE
58605804,l0,X0,c6,44859,3.8,True,NOTINVOLVED_PURCHASE
58622677,a0,x1,c5,115876,7.41,False,SHADOW_PURCHASE2
58739056,A5,X3,c4,57768,9.73,True,NORMAL_PURCHASE
58776834,l28,X1,c1,73226,3.84,True,NOTINVOLVED_PURCHASE
58798034,A4,X0,c5,37921,13.53,True,NORMAL_PURCHASE
58845261,A2,X3,c1,34538,3.12,True,NORMAL_PURCHASE
58862457,l3,X0,c6,60226,10.29,True,NOTINVOLVED_PURCHASE
58869166,l14,X6,c2,78109,4.83,True,NOTINVOLVED_PURCHASE
58899961,x1,X4,c5,115876,5.44,True,SHADOW_PURCHASE3
58902807,l20,X5,c4,113810,8.38,True,NOTINVOLVED_PURCHASE
58907958,l11,X2,c4,119022,13.08,True,NOTINVOLVED_PURCHASE
58910788,l15,X3,c1,53502,2.2,True,NOTINVOLVED_PURCHASE
58926099,l7,X3,c4,90524,6.84,True,NOTINVOLVED_PURCHASE
58946502,l24,X2,c4,100631,16.66,True,NOTINVOLVED_PURCHASE
58948311,l12,X3,c1,45352,2.43,True,NOTINVOLVED_PURCHASE
58963521,l37,X1,c4,102725,9.08,True,NOTINVOLVED_PURCHASE
58970987,l31,X4,c4,73289,9.27,True,NOTINVOLVED_PURCHASE
59223723,l16,X4,c6,70836,9.85,True,NOTINVOLVED_PURCHASE
59246666,A3,X5,c6,115106,8.38,True,NORMAL_PURCHASE
59268821,l13,X6,c2,91173,7.23,True,NOTINVOLVED_PURCHASE
59334393,l29,X2,c5,84214,13.57,True,NOTINVOLVED_PURCHASE
59396024,l27,X4,c5,116520,16.19,True,NOTINVOLVED_PURCHASE
59427560,l38,X4,c2,103745,12.89,True,NOTINVOLVED_PURCHASE
59453341,l23,X3,c4,84758,12.34,True,NOTINVOLVED_PURCHASE
59546373,A7,a1,c1,71241,3.22,True,SHADOW_PURCHASE1
59802569,a1,x5,c1,71241,2.23,False,SHADOW_PURCHASE2
59936920,l19,X5,c6,81002,5.21,True,NOTINVOLVED_PURCHASE
60040540,x5,X2,c1,71241,1.87,True,SHADOW_PURCHASE3
60132939,l17,X1,c1,40078,2.17,True,NOTINVOLVED_PURCHASE
60235823,l25,X6,c6,85619,8.86,True,NOTINVOLVED_PURCHASE
60261824,A6,X1,c3,49313,4.01,True,NORMAL_PURCHASE
60265643,l33,X2,c4,57838,16.57,True,NOTINVOLVED_PURCHASE
60312576,l22,X4,c5,89210,22.66,True,NOTINVOLVED_PURCHASE
60377794,l36,X2,c6,88809,5.42,True,NOTINVOLVED_PURCHASE
60388218,l6,X5,c4,57241,16.09,True,NOTINVOLVED_PURCHASE
60416107,l18,X6,c6,76996,3.58,True,NOTINVOLVED_PURCHASE
60419059,l30,X1,c1,85080,3.9,True,NOTINVOLVED_PURCHASE
60574529,l2,X3,c4,99874,10.49,True,NOTINVOLVED_PURCHASE
60588974,l39,X2,c1,56649,3.21,True,NOTINVOLVED_PURCHASE
60617790,l4,X3,c4,62332,15.48,True,NOTINVOLVED_PURCHASE
60671839,l32,X2,c4,56410,11.54,True,NOTINVOLVED_PURCHASE
60673062,l35,X6,c2,78975,11.72,True,NOTINVOLVED_PURCHASE
60760837,l9,X0,c1,43335,2.23,True,NOTINVOLVED_PURCHASE
60892964,l21,X3,c4,44364,10.16,True,NOTINVOLVED_PURCHASE
60949295,l26,X4,c4,119384,7.94,True,NOTINVOLVED_PURCHASE
60985498,l5,X1,c1,109284,2.96,True,NOTINVOLVED_PURCHASE
61065495,A0,a0,c4,83357,13.71,True,SHADOW_PURCHASE1
61082244,l1,X5,c4,48533,13.64,True,NOTINVOLVED_PURCHASE
61104953,A1,X0,c1,93631,2.85,True,NORMAL_PURCHASE
61180071,l10,X0,c4,67367,15.18,True,NOTINVOLVED_PURCHASE
61189170,l0,X2,c6,38269,6.5,True,NOTINVOLVED_PURCHASE
61200784,l34,X1,c4,91562,8.96,True,NOTINVOLVED_PURCHASE
61275167,l28,X4,c2,49505,8.33,True,NOTINVOLVED_PURCHASE
61328134,l8,X4,c5,104876,24.43,True,NOTINVOLVED_PURCHASE
61331482,a0,x4,c4,83357,12.7,False,SHADOW_PURCHASE2
61374348,l37,X1,c3,69852,4.23,True,NOTINVOLVED_PURCHASE
61402625,l12,X6,c6,49949,8.59,True,NOTINVOLVED_PURCHASE
61434873,A4,X6,c6,64071,7.52,True,NORMAL_PURCHASE
61474086,l31,X4,c4,115284,5.28,True,NOTINVOLVED_PURCHASE
61499887,A5,a5,c3,72188,5.31,True,SHADOW_PURCHASE1
61517658,l11,X2,c5,109896,26.2,True,NOTINVOLVED_PURCHASE
61550719,l3,X0,c1,70314,3.67,True,NOTINVOLVED_PURCHASE
61582011,A2,X1,c4,111329,6.17,True,NORMAL_PURCHASE
61612260,l7,X3,c4,65061,11.82,True,NOTINVOLVED_PURCHASE
61613385,x4,X3,c4,83357,5.49,True,SHADOW_PURCHASE3
61639107,A3,a4,c3,109483,3.66,True,SHADOW_PURCHASE1
61682131,l24,X6,c6,109247,4.9,True,NOTINVOLVED_PURCHASE
61690775,l15,X6,c2,59187,5.99,True,NOTINVOLVED_PURCHASE
61698193,l20,X0,c1,109123,3.93,True,NOTINVOLVED_PURCHASE
61735625,l14,X6,c6,44407,8.04,True,NOTINVOLVED_PURCHASE
61765301,a5,x1,c3,72188,3.95,False,SHADOW_PURCHASE2
61838680,l16,X0,c4,80205,13.25,True,NOTINVOLVED_PURCHASE
61895877,l29,X0,c1,32713,2.68,True,NOTINVOLVED_PURCHASE
61922992,a4,x5,c3,109483,2.76,False,SHADOW_PURCHASE2
61987168,l38,X4,c5,65522,7.32,True,NOTINVOLVED_PURCHASE
62005042,x1,X1,c3,72188,2.04,True,SHADOW_PURCHASE3
62151235,l13,X1,c4,73805,7.15,True,NOTINVOLVED_PURCHASE
62168405,x5,X1,c3,109483,1.32,True,SHADOW_PURCHASE3
62178309,l27,X4,c5,77448,21.55,True,NOTINVOLVED_PURCHASE
62207729,l23,X2,c1,52956,2.85,True,NOTINVOLVED_PURCHASE
62209725,A7,X5,c4,81011,9.53,True,NORMAL_PURCHASE
62571430,l19,X5,c4,107850,9.68,True,NOTINVOLVED_PURCHASE
62725173,l22,X0,c4,59800,13.43,True,NOTINVOLVED_PURCHASE
62917749,l17,X6,c2,47231,12.05,True,NOTINVOLVED_PURCHASE
62923811,l25,X5,c6,71584,8.55,True,NOTINVOLVED_PURCHASE
62988479,l4,X6,c2,96773,10.99,True,NOTINVOLVED_PURCHASE
63048885,l36,X5,c4,75854,8.09,True,NOTINVOLVED_PURCHASE
63049740,l33,X1,c6,110991,5.38,True,NOTINVOLVED_PURCHASE
63058980,A6,X0,c6,98423,6.92,True,NORMAL_PURCHASE
63113741,l18,X6,c6,61049,7.48,True,NOTINVOLVED_PURCHASE
