timestamp,buyer,seller,component,qty,price,traced,eventType
303793,A5,X2,c6,113076,5.04,True,NORMAL_PURCHASE
362349,l10,X4,c3,94246,3.05,True,NOTINVOLVED_PURCHASE
374947,A2,X3,c4,82166,6.4,True,NORMAL_PURCHASE
381971,A7,X2,c6,113565,9.42,True,NORMAL_PURCHASE
403310,l0,X4,c3,46588,5.11,True,NOTINVOLVED_PURCHASE
439263,l6,X0,c3,52989,5.61,True,NOTINVOLVED_PURCHASE
443244,A4,X3,c6,116688,5.53,True,NORMAL_PURCHASE
529532,l11,X2,c6,37172,9.41,True,NOTINVOLVED_PURCHASE
557969,l1,X0,c1,54815,2.6,True,NOTINVOLVED_PURCHASE
564316,l5,X2,c6,48824,2.88,True,NOTINVOLVED_PURCHASE
564610,l12,X0,c3,93819,5.93,True,NOTINVOLVED_PURCHASE
579208,l8,X3,c6,93286,6.02,True,NOTINVOLVED_PURCHASE
608283,l9,X4,c4,45770,7.98,True,NOTINVOLVED_PURCHASE
622097,A6,X6,c2,116051,7.13,True,NORMAL_PURCHASE
641585,A0,X1,c6,45672,8.42,True,NORMAL_PURCHASE
647789,l14,X1,c1,60203,1.99,True,NOTINVOLVED_PURCHASE
652257,l4,X6,c2,98567,4.87,True,NOTINVOLVED_PURCHASE
652521,A3,X5,c3,100244,5.13,True,NORMAL_PURCHASE2
653017,l3,X3,c6,32206,3.2,True,NOTINVOLVED_PURCHASE
673160,l13,X3,c6,54811,8.32,True,NOTINVOLVED_PURCHASE
688649,l2,X6,c3,106484,5.74,True,NOTINVOLVED_PURCHASE
762290,A1,X0,c3,60809,5.25,True,NORMAL_PURCHASE2
807869,l7,X6,c2,99745,8.63,True,NOTINVOLVED_PURCHASE
2717314,A5,X3,c6,85970,7.4,True,NORMAL_PURCHASE
2851327,l10,X2,c6,79050,8.27,True,NOTINVOLVED_PURCHASE
2941003,A4,X0,c1,42650,2.76,True,NORMAL_PURCHASE
2960110,A7,X6,c3,96984,4.04,True,NORMAL_PURCHASE
2969949,l6,X3,c4,33382,12.63,True,NOTINVOLVED_PURCHASE
2985371,l8,X0,c5,87804,12.89,True,NOTINVOLVED_PURCHASE
3002882,l12,X3,c6,68318,2.79,True,NOTINVOLVED_PURCHASE
3077331,l5,X3,c6,103518,3.51,True,NOTINVOLVED_PURCHASE
3096249,l0,X6,c2,109189,10.11,True,NOTINVOLVED_PURCHASE
3153498,l11,X0,c5,105808,10.16,True,NOTINVOLVED_PURCHASE
3164225,A3,X1,c6,49276,7.33,True,NORMAL_PURCHASE
3173508,A2,X1,c1,111646,2.76,True,NORMAL_PURCHASE2
3174544,l13,X0,c1,46203,2.67,True,NOTINVOLVED_PURCHASE
3236942,l14,X1,c6,44431,8.81,True,NOTINVOLVED_PURCHASE
3253897,A1,X4,c3,60230,4.32,True,NORMAL_PURCHASE
3254686,l3,X4,c5,83735,7.8,True,NOTINVOLVED_PURCHASE
3261990,A6,X3,c4,74162,10.82,True,NORMAL_PURCHASE
3311686,l7,X5,c2,66996,6.13,True,NOTINVOLVED_PURCHASE
3317416,A0,X3,c4,76721,9.37,True,NORMAL_PURCHASE
3333868,l2,X1,c4,59028,11.39,True,NOTINVOLVED_PURCHASE
3361128,l4,X0,c5,67902,27.33,True,NOTINVOLVED_PURCHASE
3369253,l1,X4,c4,116397,11.99,True,NOTINVOLVED_PURCHASE
3457378,l9,X1,c6,54119,9.25,True,NOTINVOLVED_PURCHASE
5352886,l10,X2,c6,99471,4.63,True,NOTINVOLVED_PURCHASE
5445677,A5,X3,c6,54579,6.67,True,NORMAL_PURCHASE
5628053,l6,X2,c4,96018,11.85,True,NOTINVOLVED_PURCHASE
5630829,A4,X6,c6,72965,5.15,True,NORMAL_PURCHASE
5661397,l5,X6,c3,51449,2.89,True,NOTINVOLVED_PURCHASE
5680739,l12,X2,c1,36070,2.45,True,NOTINVOLVED_PURCHASE
5780761,l4,X0,c3,43630,4.8,True,NOTINVOLVED_PURCHASE
5781777,l8,X0,c3,76285,4.81,True,NOTINVOLVED_PURCHASE
5802727,A7,X3,c4,56130,10.05,True,NORMAL_PURCHASE
5804093,A2,X1,c1,76322,2.82,True,NORMAL_PURCHASE
5804162,l7,X6,c3,82434,4.03,True,NOTINVOLVED_PURCHASE
5830475,l2,X6,c6,57816,8.09,True,NOTINVOLVED_PURCHASE
5833052,l13,X3,c6,30819,5.73,True,NOTINVOLVED_PURCHASE
5833157,A1,X1,c4,113269,10.75,True,NORMAL_PURCHASE
5834294,l11,X0,c3,90058,5.94,True,NOTINVOLVED_PURCHASE
5871965,l14,X3,c4,99518,5.85,True,NOTINVOLVED_PURCHASE
5901201,l0,X2,c1,40156,3.64,True,NOTINVOLVED_PURCHASE
5950842,l1,X0,c5,99072,11.75,True,NOTINVOLVED_PURCHASE
5983838,A6,X0,c1,53484,3.58,True,NORMAL_PURCHASE
6009770,A3,X3,c4,92716,9.58,True,NORMAL_PURCHASE
6012298,A0,X5,c3,77424,3.46,True,NORMAL_PURCHASE
6065226,l9,X4,c4,34071,8.51,True,NOTINVOLVED_PURCHASE
6120640,l3,X4,c4,56711,8.7,True,NOTINVOLVED_PURCHASE
7967480,A5,X1,c6,77976,3.62,True,NORMAL_PURCHASE
8025746,l6,X6,c6,97207,9.31,True,NOTINVOLVED_PURCHASE
8208664,l7,X6,c6,82554,6.59,True,NOTINVOLVED_PURCHASE
8209465,l12,X0,c3,100590,5.72,True,NOTINVOLVED_PURCHASE
8227906,l5,X2,c1,65883,3.29,True,NOTINVOLVED_PURCHASE
8235364,A4,X6,c3,55027,3.71,True,NORMAL_PURCHASE
8238473,l10,X0,c3,115064,2.82,True,NOTINVOLVED_PURCHASE
8339792,A1,X1,c6,115315,2.77,True,NORMAL_PURCHASE
8357990,l11,X0,c5,62190,25.73,True,NOTINVOLVED_PURCHASE
8438901,l4,X0,c5,92741,20.84,True,NOTINVOLVED_PURCHASE
8444486,A7,X3,c6,48697,4.33,True,NORMAL_PURCHASE
8544192,l3,X4,c3,117943,3.81,True,NOTINVOLVED_PURCHASE
8568830,l2,X2,c1,79697,2.31,True,NOTINVOLVED_PURCHASE
8597464,A0,a3,c6,112679,7.53,True,SHADOW_PURCHASE1
8621511,l1,X1,c1,80652,2.31,True,NOTINVOLVED_PURCHASE
8626050,l9,X2,c1,80464,2.24,True,NOTINVOLVED_PURCHASE
8627240,l8,X3,c6,45739,6.56,True,NOTINVOLVED_PURCHASE
8646551,A2,X0,c5,63341,8.58,True,NORMAL_PURCHASE
8646589,A3,X5,c1,56386,2.72,True,NORMAL_PURCHASE2
8650543,l14,X1,c4,88843,15.51,True,NOTINVOLVED_PURCHASE
8672099,l0,X6,c6,55745,4.64,True,NOTINVOLVED_PURCHASE
8692793,l13,X2,c1,36986,3.17,True,NOTINVOLVED_PURCHASE
8731173,A6,X2,c4,55731,8.26,True,NORMAL_PURCHASE
8861945,a3,x4,c6,112679,6.42,False,SHADOW_PURCHASE2
9141943,x4,X6,c6,112679,5.6,True,SHADOW_PURCHASE3
10452886,A5,X1,c1,55007,3.01,True,NORMAL_PURCHASE
10524916,l6,X2,c1,36568,3.15,True,NOTINVOLVED_PURCHASE
10731056,l5,X1,c4,35786,14.01,True,NOTINVOLVED_PURCHASE
10799083,A4,X3,c4,94760,6.74,True,NORMAL_PURCHASE
10837350,l11,X4,c5,64983,18.99,True,NOTINVOLVED_PURCHASE
10862042,l4,X0,c1,89694,2.63,True,NOTINVOLVED_PURCHASE
10936468,l2,X6,c6,39342,9.56,True,NOTINVOLVED_PURCHASE
10982995,l10,X0,c5,98916,25.31,True,NOTINVOLVED_PURCHASE
11021974,A0,X3,c6,87799,9.56,True,NORMAL_PURCHASE
11024284,A7,X6,c2,56774,5.3,True,NORMAL_PURCHASE
11042723,A3,X3,c4,105837,5.07,True,NORMAL_PURCHASE2
11054129,l7,X2,c4,60463,5.19,True,NOTINVOLVED_PURCHASE
11079425,l12,X2,c4,105575,16.12,True,NOTINVOLVED_PURCHASE
11107232,A2,a1,c3,100071,5.85,True,SHADOW_PURCHASE1
11117277,A1,X2,c1,44202,3.75,True,NORMAL_PURCHASE
11149050,l3,X3,c4,60585,16.35,True,NOTINVOLVED_PURCHASE
11237809,l9,X2,c1,74175,2.39,True,NOTINVOLVED_PURCHASE
11264670,l14,X2,c1,97110,2.56,True,NOTINVOLVED_PURCHASE
11343851,a1,x5,c3,100071,4.28,False,SHADOW_PURCHASE2
11379092,l1,X2,c1,83042,2.46,True,NOTINVOLVED_PURCHASE
11432969,l0,X2,c1,89672,3.57,True,NOTINVOLVED_PURCHASE
11509677,l8,X2,c1,75133,3.77,True,NOTINVOLVED_PURCHASE
11516803,l13,X4,c3,61167,3.62,True,NOTINVOLVED_PURCHASE
11521241,A6,X3,c4,99598,12.96,True,NORMAL_PURCHASE
11580026,x5,X0,c3,100071,3.7,True,SHADOW_PURCHASE3
13010467,A5,X3,c6,97240,9.04,True,NORMAL_PURCHASE
13228880,l6,X2,c4,58681,5.37,True,NOTINVOLVED_PURCHASE
13250575,l11,X0,c3,104304,2.47,True,NOTINVOLVED_PURCHASE
13261807,l5,X2,c1,115106,2.86,True,NOTINVOLVED_PURCHASE
13277394,A4,X0,c5,32720,12.24,True,NORMAL_PURCHASE2
13352441,l10,X1,c1,84592,3.64,True,NOTINVOLVED_PURCHASE
13438898,A7,X5,c5,71954,21.24,True,NORMAL_PURCHASE
13486247,A1,X0,c3,86139,2.69,True,NORMAL_PURCHASE
13510013,l4,X0,c1,79282,2.77,True,NOTINVOLVED_PURCHASE
13581931,l2,X6,c3,72239,5.81,True,NOTINVOLVED_PURCHASE
13699793,l3,X5,c3,89536,5.95,True,NOTINVOLVED_PURCHASE
13730430,l12,X3,c4,83657,14.98,True,NOTINVOLVED_PURCHASE
13848405,A3,X5,c1,39596,3.34,True,NORMAL_PURCHASE
13876655,A0,X5,c5,37767,20.12,True,NORMAL_PURCHASE
13889152,l7,X1,c4,74577,8.84,True,NOTINVOLVED_PURCHASE
13891688,A2,X5,c1,58138,2.24,True,NORMAL_PURCHASE
13930035,l14,X2,c1,105888,3.46,True,NOTINVOLVED_PURCHASE
13953750,A6,X0,c5,108630,24.15,True,NORMAL_PURCHASE2
14045543,l9,X2,c1,93942,3.89,True,NOTINVOLVED_PURCHASE
14054033,l0,X2,c1,72487,2.13,True,NOTINVOLVED_PURCHASE
14108571,l8,X3,c4,66473,14.45,True,NOTINVOLVED_PURCHASE
14180750,l13,X3,c4,69811,8.44,True,NOTINVOLVED_PURCHASE
14220741,l1,X4,c3,87723,4.74,True,NOTINVOLVED_PURCHASE
15649079,A4,X4,c4,35374,10.1,True,NORMAL_PURCHASE
15726310,A5,X2,c4,96082,15.38,True,NORMAL_PURCHASE
15749035,l6,X6,c6,42322,3.08,True,NOTINVOLVED_PURCHASE
15925080,l4,X2,c4,104730,14.12,True,NOTINVOLVED_PURCHASE
15938585,l11,X0,c1,36786,2.07,True,NOTINVOLVED_PURCHASE
15948952,l10,X1,c4,93782,7.68,True,NOTINVOLVED_PURCHASE
15986222,l5,X3,c4,40168,7.9,True,NOTINVOLVED_PURCHASE
16181620,A1,X2,c6,102352,6.42,True,NORMAL_PURCHASE
16224331,A7,X6,c3,97275,4.11,True,NORMAL_PURCHASE
16231137,l2,X6,c6,67233,8.47,True,NOTINVOLVED_PURCHASE
16274205,A3,X5,c2,35254,7.82,True,NORMAL_PURCHASE
16280761,l7,X5,c2,104694,6.71,True,NOTINVOLVED_PURCHASE
16295233,l3,X4,c3,67988,2.35,True,NOTINVOLVED_PURCHASE
16454843,l0,X5,c5,82938,11.74,True,NOTINVOLVED_PURCHASE
16495538,l12,X6,c3,46255,5.08,True,NOTINVOLVED_PURCHASE
16498255,l14,X1,c6,116099,3.34,True,NOTINVOLVED_PURCHASE
16623606,l8,X1,c1,54902,3.52,True,NOTINVOLVED_PURCHASE
16637736,A0,X5,c1,112807,2.98,True,NORMAL_PURCHASE
16664830,A2,X0,c1,100686,2.89,True,NORMAL_PURCHASE
16756216,l9,X4,c4,103012,8.25,True,NOTINVOLVED_PURCHASE
16759703,A6,X0,c1,77766,2.33,True,NORMAL_PURCHASE
16827955,l1,X4,c3,48527,5.13,True,NOTINVOLVED_PURCHASE
16886760,l13,X2,c6,102362,2.8,True,NOTINVOLVED_PURCHASE
18160227,A4,X6,c6,96650,10.53,True,NORMAL_PURCHASE
18248757,l6,X3,c4,57690,7.14,True,NOTINVOLVED_PURCHASE
18312521,l4,X2,c4,91414,7.58,True,NOTINVOLVED_PURCHASE
18593445,A5,X1,c6,68065,5.3,True,NORMAL_PURCHASE
18693459,l5,X3,c6,35603,8.31,True,NOTINVOLVED_PURCHASE
18707432,l11,X4,c5,104938,23.73,True,NOTINVOLVED_PURCHASE
18716843,l10,X4,c5,33426,9.45,True,NOTINVOLVED_PURCHASE
18734196,l7,X1,c6,58905,3.18,True,NOTINVOLVED_PURCHASE
18787231,A3,X5,c1,112387,3.23,True,NORMAL_PURCHASE
18818306,l2,X5,c2,31351,11.87,True,NOTINVOLVED_PURCHASE
18833061,A7,X5,c2,58355,5.27,True,NORMAL_PURCHASE
18892189,l12,X3,c4,90662,8.17,True,NOTINVOLVED_PURCHASE
18962842,A1,X4,c4,85218,13.26,True,NORMAL_PURCHASE
19056059,l8,X0,c1,119063,3.28,True,NOTINVOLVED_PURCHASE
19101125,A2,X3,c4,111942,11.95,True,NORMAL_PURCHASE
19113921,A0,a2,c5,54813,10.69,True,SHADOW_PURCHASE1
19127409,l3,X6,c3,87840,4.37,True,NOTINVOLVED_PURCHASE
19280014,l13,X2,c4,49734,15.62,True,NOTINVOLVED_PURCHASE
19292529,l0,X2,c1,82192,3.22,True,NOTINVOLVED_PURCHASE
19299852,l14,X1,c1,48170,2.48,True,NOTINVOLVED_PURCHASE
19319455,A6,X2,c4,118133,5.08,True,NORMAL_PURCHASE
19347547,a2,x2,c5,54813,10.51,False,SHADOW_PURCHASE2
19503278,l1,X2,c4,63151,15.74,True,NOTINVOLVED_PURCHASE
19526885,l9,X1,c4,35248,14.69,True,NOTINVOLVED_PURCHASE
19614702,x2,X4,c5,54813,6.99,True,SHADOW_PURCHASE3
20640622,l6,X3,c4,116370,13.91,True,NOTINVOLVED_PURCHASE
20695445,l4,X5,c1,79587,2.76,True,NOTINVOLVED_PURCHASE
20773737,A4,X0,c3,92607,2.7,True,NORMAL_PURCHASE2
21216241,A7,a5,c4,67742,11.68,True,SHADOW_PURCHASE1
21236712,l10,X0,c5,32491,21.87,True,NOTINVOLVED_PURCHASE
21287847,l11,X1,c6,99231,2.82,True,NOTINVOLVED_PURCHASE
21295952,l7,X5,c5,67468,7.45,True,NOTINVOLVED_PURCHASE
21348972,l12,X3,c4,45231,15.07,True,NOTINVOLVED_PURCHASE
21374950,A5,a0,c2,81249,4.78,True,SHADOW_PURCHASE1
21389644,l2,X1,c1,105438,2.83,True,NOTINVOLVED_PURCHASE
21452464,a5,x2,c4,67742,6.75,False,SHADOW_PURCHASE2
21472543,l5,X6,c6,68354,5.26,True,NOTINVOLVED_PURCHASE
21520732,A1,X1,c1,95549,2.37,True,NORMAL_PURCHASE
21644422,A3,X2,c1,40807,2.66,True,NORMAL_PURCHASE
21656716,a0,x5,c2,81249,3.84,False,SHADOW_PURCHASE2
21662801,A0,X3,c4,37898,10.85,True,NORMAL_PURCHASE
21711278,x2,X3,c4,67742,4.03,True,SHADOW_PURCHASE3
21757792,l3,X5,c5,41257,18.25,True,NOTINVOLVED_PURCHASE
21844351,A2,X5,c5,42518,19.74,True,NORMAL_PURCHASE
21851980,l13,X3,c4,53339,12.09,True,NOTINVOLVED_PURCHASE
21908135,l1,X0,c5,73434,22.58,True,NOTINVOLVED_PURCHASE
21916244,x5,X5,c2,81249,2.06,True,SHADOW_PURCHASE3
21939314,l8,X0,c1,55918,2.92,True,NOTINVOLVED_PURCHASE
22013977,l14,X2,c6,112827,9.75,True,NOTINVOLVED_PURCHASE
22064598,l0,X5,c1,54494,2.37,True,NOTINVOLVED_PURCHASE
22119569,l9,X1,c1,33636,3.7,True,NOTINVOLVED_PURCHASE
22131016,A6,X3,c4,90482,11.79,True,NORMAL_PURCHASE
23065209,l6,X6,c2,44041,11.05,True,NOTINVOLVED_PURCHASE
23087468,l4,X5,c1,89825,3.36,True,NOTINVOLVED_PURCHASE
23485383,A4,X6,c2,32319,4.16,True,NORMAL_PURCHASE
23676179,l10,X2,c6,37901,7.24,True,NOTINVOLVED_PURCHASE
23765118,l12,X6,c3,46468,3.39,True,NOTINVOLVED_PURCHASE
23790611,A5,a0,c6,111798,8.5,True,SHADOW_PURCHASE1
23798571,l11,X1,c6,96490,5.12,True,NOTINVOLVED_PURCHASE
23802300,l7,X5,c3,101965,3.98,True,NOTINVOLVED_PURCHASE
23868800,A7,a2,c5,36129,12.06,True,SHADOW_PURCHASE1
23963746,A1,X1,c1,67651,2.36,True,NORMAL_PURCHASE
24037619,a0,x4,c6,111798,6.91,False,SHADOW_PURCHASE2
24067207,A3,a4,c5,64091,24.64,True,SHADOW_PURCHASE1
24071946,l2,X6,c2,89337,13.21,True,NOTINVOLVED_PURCHASE
24110999,a2,x2,c5,36129,8.22,False,SHADOW_PURCHASE2
24147391,A0,a3,c4,32827,15.29,True,SHADOW_PURCHASE1
24176785,l5,X6,c3,92813,2.15,True,NOTINVOLVED_PURCHASE
24316265,x4,X1,c6,111798,4.65,True,SHADOW_PURCHASE3
24322299,a4,x3,c5,64091,22.26,False,SHADOW_PURCHASE2
24374837,x2,X0,c5,36129,3.46,True,SHADOW_PURCHASE3
24384572,l14,X1,c1,87825,3.71,True,NOTINVOLVED_PURCHASE
24405548,l1,X4,c5,111384,8.72,True,NOTINVOLVED_PURCHASE
24407248,a3,x2,c4,32827,11.13,False,SHADOW_PURCHASE2
24471471,l3,X3,c6,79056,4.3,True,NOTINVOLVED_PURCHASE
24488172,l13,X2,c6,78938,5.79,True,NOTINVOLVED_PURCHASE
24579959,x3,X4,c5,64091,14.61,True,SHADOW_PURCHASE3
24598869,A2,a1,c3,47595,2.93,True,SHADOW_PURCHASE1
24606353,l8,X2,c1,62381,3.82,True,NOTINVOLVED_PURCHASE
24678535,x2,X4,c4,32827,4.67,True,SHADOW_PURCHASE3
24777190,l0,X6,c2,112142,6.82,True,NOTINVOLVED_PURCHASE
24871661,a1,x1,c3,47595,2.52,False,SHADOW_PURCHASE2
24922055,l9,X4,c4,50165,14.71,True,NOTINVOLVED_PURCHASE
24996464,A6,X0,c5,113999,22.57,True,NORMAL_PURCHASE
25137538,x1,X6,c3,47595,1.0,True,SHADOW_PURCHASE3
25590326,l6,X3,c6,64257,5.82,True,NOTINVOLVED_PURCHASE
25918053,A4,a2,c4,52489,6.28,True,SHADOW_PURCHASE1
25951061,l4,X6,c2,113057,4.89,True,NOTINVOLVED_PURCHASE
26180211,l7,X1,c4,115401,12.04,True,NOTINVOLVED_PURCHASE
26192289,a2,x1,c4,52489,2.69,False,SHADOW_PURCHASE2
26273308,l10,X2,c4,94783,8.76,True,NOTINVOLVED_PURCHASE
26308259,A5,X3,c4,41769,13.9,True,NORMAL_PURCHASE
26435327,A1,a3,c1,115414,2.43,True,SHADOW_PURCHASE1
26464776,x1,X2,c4,52489,1.61,True,SHADOW_PURCHASE3
26503009,A7,X5,c2,95067,4.13,True,NORMAL_PURCHASE
26555587,l11,X2,c6,46210,9.62,True,NOTINVOLVED_PURCHASE
26612888,A3,a5,c5,81779,14.3,True,SHADOW_PURCHASE1
26618401,l12,X2,c6,75207,8.35,True,NOTINVOLVED_PURCHASE
26696269,l2,X2,c4,47894,15.73,True,NOTINVOLVED_PURCHASE
26708465,a3,x2,c1,115414,1.43,False,SHADOW_PURCHASE2
26844303,l1,X1,c1,72601,3.29,True,NOTINVOLVED_PURCHASE
26871737,l5,X3,c6,94240,6.11,True,NOTINVOLVED_PURCHASE
26894080,a5,x2,c5,81779,7.16,False,SHADOW_PURCHASE2
26909966,A0,X5,c2,76980,3.81,True,NORMAL_PURCHASE
26964480,x2,X0,c1,115414,1.0,True,SHADOW_PURCHASE3
27101075,l14,X2,c6,112954,2.97,True,NOTINVOLVED_PURCHASE
27136176,x2,X4,c5,81779,3.53,True,SHADOW_PURCHASE3
27226465,l13,X0,c3,115431,5.68,True,NOTINVOLVED_PURCHASE
27282389,l8,X0,c5,100901,21.74,True,NOTINVOLVED_PURCHASE
27302541,A2,X0,c3,46488,2.93,True,NORMAL_PURCHASE
27342398,l3,X6,c3,53880,5.41,True,NOTINVOLVED_PURCHASE
27533354,A6,X0,c5,117231,8.47,True,NORMAL_PURCHASE
27578292,l0,X4,c3,59187,5.2,True,NOTINVOLVED_PURCHASE
27746664,l9,X1,c1,73415,3.39,True,NOTINVOLVED_PURCHASE
27984294,l6,X2,c4,101523,10.18,True,NOTINVOLVED_PURCHASE
28505837,l4,X6,c6,76034,3.19,True,NOTINVOLVED_PURCHASE
28593227,l7,X5,c5,105950,11.69,True,NOTINVOLVED_PURCHASE
28606502,A4,X0,c5,108350,28.16,True,NORMAL_PURCHASE
28731164,A5,X6,c6,67096,8.95,True,NORMAL_PURCHASE
28868271,l10,X0,c5,67371,21.82,True,NOTINVOLVED_PURCHASE
29040560,A1,X1,c4,108188,13.12,True,NORMAL_PURCHASE
29042886,l11,X2,c1,59599,3.57,True,NOTINVOLVED_PURCHASE
29186241,l2,X6,c6,65923,9.16,True,NOTINVOLVED_PURCHASE
29287916,l12,X3,c4,50721,15.95,True,NOTINVOLVED_PURCHASE
29354067,A7,a2,c4,101000,12.13,True,SHADOW_PURCHASE1
29373981,A3,X1,c4,103366,14.01,True,NORMAL_PURCHASE
29388142,l1,X2,c4,83251,16.32,True,NOTINVOLVED_PURCHASE
29584990,l5,X1,c6,114690,5.25,True,NOTINVOLVED_PURCHASE
29591581,A0,X6,c6,56467,7.41,True,NORMAL_PURCHASE
29609426,l14,X0,c1,100975,2.94,True,NOTINVOLVED_PURCHASE
29612450,a2,x3,c4,101000,8.3,False,SHADOW_PURCHASE2
29847336,x3,X3,c4,101000,3.39,True,SHADOW_PURCHASE3
29946212,A2,a4,c2,35582,9.87,True,SHADOW_PURCHASE1
29985484,l8,X2,c4,76160,9.56,True,NOTINVOLVED_PURCHASE
30109532,l13,X4,c5,44908,23.86,True,NOTINVOLVED_PURCHASE
30119082,A6,X6,c6,55665,5.0,True,NORMAL_PURCHASE
30159779,l3,X4,c3,90322,5.56,True,NOTINVOLVED_PURCHASE
30221947,a4,x5,c2,35582,5.91,False,SHADOW_PURCHASE2
30267730,l9,X4,c4,97199,13.38,True,NOTINVOLVED_PURCHASE
30309846,l0,X5,c5,79806,24.17,True,NOTINVOLVED_PURCHASE
30498202,x5,X5,c2,35582,4.38,True,SHADOW_PURCHASE3
30811684,l6,X2,c1,105562,2.78,True,NOTINVOLVED_PURCHASE
31115902,l7,X1,c6,53633,5.85,True,NOTINVOLVED_PURCHASE
31196708,l4,X5,c3,64953,5.76,True,NOTINVOLVED_PURCHASE
31302369,l10,X1,c4,52068,15.27,True,NOTINVOLVED_PURCHASE
31417474,l11,X2,c4,40253,5.16,True,NOTINVOLVED_PURCHASE
31463826,A4,X3,c4,39328,11.39,True,NORMAL_PURCHASE
31514773,A1,X0,c5,66832,28.05,True,NORMAL_PURCHASE
31516412,A5,a5,c3,35227,2.66,True,SHADOW_PURCHASE1
31800214,a5,x3,c3,35227,2.19,False,SHADOW_PURCHASE2
31802155,A3,X1,c6,94798,9.73,True,NORMAL_PURCHASE2
31832455,l2,X6,c2,44663,9.37,True,NOTINVOLVED_PURCHASE
32003975,l5,X1,c1,50985,2.89,True,NOTINVOLVED_PURCHASE
32027554,A7,a5,c6,114126,9.35,True,SHADOW_PURCHASE1
32042922,l1,X2,c1,41146,2.08,True,NOTINVOLVED_PURCHASE
32076255,x3,X5,c3,35227,1.2,True,SHADOW_PURCHASE3
32097953,l12,X3,c6,31081,3.52,True,NOTINVOLVED_PURCHASE
32193667,l14,X1,c1,110598,2.36,True,NOTINVOLVED_PURCHASE
32279527,a5,x2,c6,114126,4.57,False,SHADOW_PURCHASE2
32292703,A0,a3,c3,98975,4.67,True,SHADOW_PURCHASE1
32509755,A6,X6,c2,86300,7.82,True,NORMAL_PURCHASE
32533939,x2,X3,c6,114126,3.6,True,SHADOW_PURCHASE3
32535517,a3,x4,c3,98975,2.11,False,SHADOW_PURCHASE2
32555133,A2,X1,c6,79483,2.74,True,NORMAL_PURCHASE2
32623549,l3,X5,c1,77471,2.36,True,NOTINVOLVED_PURCHASE
32729478,l9,X1,c6,98004,8.11,True,NOTINVOLVED_PURCHASE
32783705,x4,X4,c3,98975,1.62,True,SHADOW_PURCHASE3
32805862,l8,X1,c1,67629,2.98,True,NOTINVOLVED_PURCHASE
32864927,l13,X0,c5,43480,7.54,True,NOTINVOLVED_PURCHASE
33124376,l0,X2,c4,96802,5.88,True,NOTINVOLVED_PURCHASE
33294723,l6,X3,c6,107887,8.18,True,NOTINVOLVED_PURCHASE
33647671,l4,X6,c6,45311,8.17,True,NOTINVOLVED_PURCHASE
33733774,l10,X0,c3,103299,4.87,True,NOTINVOLVED_PURCHASE
33752815,l7,X5,c2,81958,8.68,True,NOTINVOLVED_PURCHASE
34080967,A4,X6,c2,94338,7.58,True,NORMAL_PURCHASE
34246443,A5,a5,c6,63868,5.27,True,SHADOW_PURCHASE1
34279140,A1,a5,c4,93427,5.24,True,SHADOW_PURCHASE1
34300157,l11,X1,c6,67642,6.54,True,NOTINVOLVED_PURCHASE
34322049,A3,X2,c6,46874,4.61,True,NORMAL_PURCHASE
34519728,a5,x1,c6,63868,4.66,False,SHADOW_PURCHASE2
34524374,a5,x2,c4,93427,5.08,False,SHADOW_PURCHASE2
34582125,l2,X1,c1,33743,3.85,True,NOTINVOLVED_PURCHASE
34691760,l1,X1,c1,84769,2.21,True,NOTINVOLVED_PURCHASE
34712538,l12,X6,c6,84514,2.74,True,NOTINVOLVED_PURCHASE
34771568,x2,X3,c4,93427,4.13,True,SHADOW_PURCHASE3
34803489,x1,X2,c6,63868,2.7,True,SHADOW_PURCHASE3
34809239,A7,X5,c2,36681,7.9,True,NORMAL_PURCHASE
34847467,l5,X6,c6,65599,6.96,True,NOTINVOLVED_PURCHASE
34892494,A0,a0,c2,72010,6.31,True,SHADOW_PURCHASE1
35038971,l14,X2,c6,99426,8.5,True,NOTINVOLVED_PURCHASE
35143012,a0,x4,c2,72010,4.98,False,SHADOW_PURCHASE2
35189735,A2,X1,c6,33447,6.17,True,NORMAL_PURCHASE
35305786,l3,X6,c6,81046,10.06,True,NOTINVOLVED_PURCHASE
35364529,A6,X0,c1,82719,2.36,True,NORMAL_PURCHASE
35408072,x4,X6,c2,72010,3.58,True,SHADOW_PURCHASE3
35442341,l9,X2,c1,46775,3.22,True,NOTINVOLVED_PURCHASE
35511664,l13,X2,c4,103260,8.41,True,NOTINVOLVED_PURCHASE
35666841,l8,X1,c4,119452,13.54,True,NOTINVOLVED_PURCHASE
35811320,l0,X5,c1,98018,3.62,True,NOTINVOLVED_PURCHASE
36002609,l6,X0,c5,78390,17.48,True,NOTINVOLVED_PURCHASE
36258312,l7,X1,c4,78789,13.18,True,NOTINVOLVED_PURCHASE
36385501,l4,X0,c5,82254,11.56,True,NOTINVOLVED_PURCHASE
36477145,l10,X1,c1,56275,2.61,True,NOTINVOLVED_PURCHASE
36683894,A4,X6,c3,30374,4.38,True,NORMAL_PURCHASE
37057666,A3,a5,c4,68984,12.47,True,SHADOW_PURCHASE1
37090968,A1,X4,c3,56106,3.96,True,NORMAL_PURCHASE
37109820,A5,X1,c6,58503,10.09,True,NORMAL_PURCHASE
37110064,l12,X6,c6,54237,6.49,True,NOTINVOLVED_PURCHASE
37117055,l2,X2,c1,44151,2.26,True,NOTINVOLVED_PURCHASE
37188404,l11,X4,c3,97116,5.02,True,NOTINVOLVED_PURCHASE
37322788,a5,x0,c4,68984,8.12,False,SHADOW_PURCHASE2
37340745,l5,X2,c4,78120,6.24,True,NOTINVOLVED_PURCHASE
37387564,A0,X5,c3,97487,4.08,True,NORMAL_PURCHASE2
37408652,l1,X2,c1,48687,2.75,True,NOTINVOLVED_PURCHASE
37597116,x0,X3,c4,68984,7.81,True,SHADOW_PURCHASE3
37644723,A7,X2,c4,75277,5.07,True,NORMAL_PURCHASE
37691371,l14,X0,c1,87346,3.24,True,NOTINVOLVED_PURCHASE
37773895,A2,X5,c5,61327,7.33,True,NORMAL_PURCHASE
37916963,l13,X0,c1,44382,2.04,True,NOTINVOLVED_PURCHASE
38134990,A6,a3,c2,94060,11.27,True,SHADOW_PURCHASE1
38145230,l3,X6,c6,106276,8.81,True,NOTINVOLVED_PURCHASE
38242874,l9,X4,c5,100381,16.0,True,NOTINVOLVED_PURCHASE
38379396,a3,x4,c2,94060,7.95,False,SHADOW_PURCHASE2
38552072,l8,X0,c1,61125,3.32,True,NOTINVOLVED_PURCHASE
38615145,l0,X6,c3,45433,4.98,True,NOTINVOLVED_PURCHASE
38623289,x4,X6,c2,94060,3.46,True,SHADOW_PURCHASE3
38653798,l7,X1,c4,102156,6.37,True,NOTINVOLVED_PURCHASE
38714593,l6,X3,c6,118961,8.77,True,NOTINVOLVED_PURCHASE
38996673,l4,X6,c6,39745,4.15,True,NOTINVOLVED_PURCHASE
39146583,l10,X2,c1,55916,2.83,True,NOTINVOLVED_PURCHASE
39166902,A4,a3,c2,87965,13.01,True,SHADOW_PURCHASE1
39404548,a3,x2,c2,87965,11.95,False,SHADOW_PURCHASE2
39484384,l12,X0,c3,47571,4.28,True,NOTINVOLVED_PURCHASE
39670497,x2,X6,c2,87965,8.62,True,SHADOW_PURCHASE3
39676091,A3,a1,c3,96943,4.64,True,SHADOW_PURCHASE1
39676319,A5,a1,c1,35322,2.66,True,SHADOW_PURCHASE1
39681068,l11,X0,c3,86863,3.28,True,NOTINVOLVED_PURCHASE
39839102,l2,X1,c6,71098,3.32,True,NOTINVOLVED_PURCHASE
39843625,l5,X1,c1,39414,3.74,True,NOTINVOLVED_PURCHASE
39877126,A1,a3,c4,103508,5.13,True,SHADOW_PURCHASE1
39915430,a1,x0,c3,96943,4.26,False,SHADOW_PURCHASE2
39918507,a1,x5,c1,35322,2.24,False,SHADOW_PURCHASE2
40052313,A0,a3,c3,56979,3.81,True,SHADOW_PURCHASE1
40145732,a3,x1,c4,103508,4.76,False,SHADOW_PURCHASE2
40173362,x5,X2,c1,35322,1.34,True,SHADOW_PURCHASE3
40195699,x0,X0,c3,96943,3.59,True,SHADOW_PURCHASE3
40213373,l1,X1,c6,75242,3.0,True,NOTINVOLVED_PURCHASE
40264381,A7,X2,c6,41174,8.63,True,NORMAL_PURCHASE
40293641,a3,x1,c3,56979,2.48,False,SHADOW_PURCHASE2
40357027,l14,X3,c6,94648,2.94,True,NOTINVOLVED_PURCHASE
40380875,l13,X0,c5,95838,11.23,True,NOTINVOLVED_PURCHASE
40385482,x1,X2,c4,103508,2.45,True,SHADOW_PURCHASE3
40427610,A2,a0,c5,63300,10.27,True,SHADOW_PURCHASE1
40571591,x1,X6,c3,56979,1.63,True,SHADOW_PURCHASE3
40587610,A6,a0,c2,92057,4.44,True,SHADOW_PURCHASE1
40694633,a0,x4,c5,63300,4.44,False,SHADOW_PURCHASE2
40747080,l9,X1,c6,81330,8.14,True,NOTINVOLVED_PURCHASE
40832026,a0,x3,c2,92057,2.83,False,SHADOW_PURCHASE2
40953206,x4,X4,c5,63300,2.46,True,SHADOW_PURCHASE3
40996461,l3,X4,c5,39601,26.61,True,NOTINVOLVED_PURCHASE
41099293,x3,X5,c2,92057,1.51,True,SHADOW_PURCHASE3
41187548,l8,X2,c4,73703,5.55,True,NOTINVOLVED_PURCHASE
41228411,l6,X3,c4,108418,13.01,True,NOTINVOLVED_PURCHASE
41324167,l7,X6,c2,78688,8.51,True,NOTINVOLVED_PURCHASE
41478070,l0,X4,c5,82987,12.99,True,NOTINVOLVED_PURCHASE
41566599,l4,X5,c2,58567,8.03,True,NOTINVOLVED_PURCHASE
41597738,l10,X2,c1,66099,2.32,True,NOTINVOLVED_PURCHASE
42003573,A4,X0,c5,68530,19.98,True,NORMAL_PURCHASE
42056588,A5,X1,c6,36323,3.14,True,NORMAL_PURCHASE
42064067,l11,X4,c4,58042,9.22,True,NOTINVOLVED_PURCHASE
42224110,l5,X6,c2,116227,8.68,True,NOTINVOLVED_PURCHASE
42351839,l12,X6,c2,33160,13.3,True,NOTINVOLVED_PURCHASE
42373133,l2,X2,c4,76154,14.8,True,NOTINVOLVED_PURCHASE
42382187,A1,a1,c5,43140,22.65,True,SHADOW_PURCHASE1
42545270,A3,a5,c4,96235,8.51,True,SHADOW_PURCHASE1
42615629,a1,x5,c5,43140,17.22,False,SHADOW_PURCHASE2
42644034,A0,X1,c4,47470,12.23,True,NORMAL_PURCHASE2
42660338,l1,X1,c6,44926,8.19,True,NOTINVOLVED_PURCHASE
42817631,a5,x1,c4,96235,7.89,False,SHADOW_PURCHASE2
42854069,x5,X5,c5,43140,8.3,True,SHADOW_PURCHASE3
43016015,A6,a1,c2,60169,5.39,True,SHADOW_PURCHASE1
43083586,A2,a4,c1,81218,2.77,True,SHADOW_PURCHASE1
43096909,x1,X2,c4,96235,5.61,True,SHADOW_PURCHASE3
43130574,l13,X3,c6,68534,3.87,True,NOTINVOLVED_PURCHASE
43139114,A7,X6,c3,36745,2.41,True,NORMAL_PURCHASE2
43196075,l14,X2,c1,64621,3.36,True,NOTINVOLVED_PURCHASE
43270778,a1,x3,c2,60169,4.91,False,SHADOW_PURCHASE2
43320796,l9,X2,c1,118095,2.56,True,NOTINVOLVED_PURCHASE
43331283,a4,x5,c1,81218,2.03,False,SHADOW_PURCHASE2
43530670,x3,X5,c2,60169,3.74,True,SHADOW_PURCHASE3
43597721,x5,X5,c1,81218,1.38,True,SHADOW_PURCHASE3
43739378,l7,X2,c4,71426,15.37,True,NOTINVOLVED_PURCHASE
43768745,l3,X4,c4,71600,14.96,True,NOTINVOLVED_PURCHASE
43812485,l6,X3,c4,67961,14.2,True,NOTINVOLVED_PURCHASE
43846885,l8,X2,c6,57298,8.13,True,NOTINVOLVED_PURCHASE
44065199,l10,X4,c3,71018,3.61,True,NOTINVOLVED_PURCHASE
44148518,l0,X4,c3,40626,4.15,True,NOTINVOLVED_PURCHASE
44219581,l4,X6,c6,82327,5.01,True,NOTINVOLVED_PURCHASE
44670262,l5,X6,c3,35260,5.75,True,NOTINVOLVED_PURCHASE
44743290,A4,a4,c2,76629,8.81,True,SHADOW_PURCHASE1
44759205,l12,X2,c4,103355,7.09,True,NOTINVOLVED_PURCHASE
44890340,l11,X1,c1,84061,2.35,True,NOTINVOLVED_PURCHASE
44944844,A5,X2,c4,78597,7.56,True,NORMAL_PURCHASE
45014794,a4,x0,c2,76629,5.25,False,SHADOW_PURCHASE2
45051978,A3,X1,c1,95615,2.96,True,NORMAL_PURCHASE
45187430,l2,X2,c6,71277,3.53,True,NOTINVOLVED_PURCHASE
45229055,A1,a5,c1,74771,2.02,True,SHADOW_PURCHASE1
45259907,x0,X5,c2,76629,2.05,True,SHADOW_PURCHASE3
45333821,A0,a0,c6,39752,9.96,True,SHADOW_PURCHASE1
45474139,l1,X4,c4,109767,8.44,True,NOTINVOLVED_PURCHASE
45505180,a5,x2,c1,74771,1.21,False,SHADOW_PURCHASE2
45543523,A6,X6,c6,85935,3.82,True,NORMAL_PURCHASE
45571968,a0,x4,c6,39752,9.28,False,SHADOW_PURCHASE2
45678951,A7,a5,c4,104037,6.51,True,SHADOW_PURCHASE1
45778500,x2,X0,c1,74771,1.0,True,SHADOW_PURCHASE3
45803299,l14,X2,c1,52382,3.34,True,NOTINVOLVED_PURCHASE
45819459,x4,X1,c6,39752,5.46,True,SHADOW_PURCHASE3
45834236,l9,X6,c2,102328,8.31,True,NOTINVOLVED_PURCHASE
45875689,A2,a3,c5,56546,19.77,True,SHADOW_PURCHASE1
45926501,a5,x1,c4,104037,4.85,False,SHADOW_PURCHASE2
45955404,l13,X2,c6,48663,4.33,True,NOTINVOLVED_PURCHASE
46139056,a3,x2,c5,56546,17.24,False,SHADOW_PURCHASE2
46175631,x1,X3,c4,104037,3.25,True,SHADOW_PURCHASE3
46228075,l6,X0,c1,53123,2.58,True,NOTINVOLVED_PURCHASE
46361289,l3,X5,c3,78732,2.48,True,NOTINVOLVED_PURCHASE
46397080,x2,X4,c5,56546,14.77,True,SHADOW_PURCHASE3
46475644,l8,X1,c4,55140,15.66,True,NOTINVOLVED_PURCHASE
46487586,l7,X5,c3,60543,2.84,True,NOTINVOLVED_PURCHASE
46547499,l10,X4,c3,113824,4.72,True,NOTINVOLVED_PURCHASE
46622516,l4,X0,c5,34015,23.07,True,NOTINVOLVED_PURCHASE
46709645,l0,X5,c2,70804,11.68,True,NOTINVOLVED_PURCHASE
47039692,l5,X6,c6,59210,8.84,True,NOTINVOLVED_PURCHASE
47165457,l12,X6,c3,116617,2.33,True,NOTINVOLVED_PURCHASE
47313021,A4,a3,c6,55333,10.03,True,SHADOW_PURCHASE1
47571916,a3,x2,c6,55333,4.54,False,SHADOW_PURCHASE2
47703978,l11,X0,c1,78150,2.11,True,NOTINVOLVED_PURCHASE
47793423,l2,X2,c6,79534,3.35,True,NOTINVOLVED_PURCHASE
47818628,x2,X6,c6,55333,2.06,True,SHADOW_PURCHASE3
47833160,A5,a5,c3,60821,3.28,True,SHADOW_PURCHASE1
47854358,A0,a3,c5,66239,12.25,True,SHADOW_PURCHASE1
47856081,A3,a5,c2,39608,10.5,True,SHADOW_PURCHASE1
47970934,A1,a3,c6,100256,2.87,True,SHADOW_PURCHASE1
48104174,a3,x4,c5,66239,7.9,False,SHADOW_PURCHASE2
48108079,a5,x2,c2,39608,9.99,False,SHADOW_PURCHASE2
48111784,a5,x3,c3,60821,2.54,False,SHADOW_PURCHASE2
48186678,A7,a4,c3,44700,5.51,True,SHADOW_PURCHASE1
48244116,A2,a4,c4,64507,5.79,True,SHADOW_PURCHASE1
48249282,a3,x1,c6,100256,2.0,False,SHADOW_PURCHASE2
48337699,l1,X2,c6,94930,5.27,True,NOTINVOLVED_PURCHASE
48358920,x2,X6,c2,39608,6.5,True,SHADOW_PURCHASE3
48365085,x4,X5,c5,66239,4.02,True,SHADOW_PURCHASE3
48369707,l14,X1,c1,118513,3.56,True,NOTINVOLVED_PURCHASE
48384328,x3,X0,c3,60821,1.44,True,SHADOW_PURCHASE3
48416755,A6,a0,c6,99075,7.38,True,SHADOW_PURCHASE1
48446285,a4,x4,c3,44700,5.41,False,SHADOW_PURCHASE2
48476513,l9,X6,c6,113827,4.21,True,NOTINVOLVED_PURCHASE
48486412,a4,x5,c4,64507,5.03,False,SHADOW_PURCHASE2
48530220,x1,X3,c6,100256,1.78,True,SHADOW_PURCHASE3
48692063,a0,x3,c6,99075,5.43,False,SHADOW_PURCHASE2
48707015,x4,X5,c3,44700,4.05,True,SHADOW_PURCHASE3
48743108,x5,X2,c4,64507,4.72,True,SHADOW_PURCHASE3
48784828,l13,X2,c4,108326,16.66,True,NOTINVOLVED_PURCHASE
48820568,l6,X0,c5,108042,27.97,True,NOTINVOLVED_PURCHASE
48884898,l7,X1,c1,40904,3.87,True,NOTINVOLVED_PURCHASE
48933743,x3,X3,c6,99075,2.25,True,SHADOW_PURCHASE3
49047534,l8,X0,c3,61020,5.47,True,NOTINVOLVED_PURCHASE
49105445,l4,X2,c6,58172,7.66,True,NOTINVOLVED_PURCHASE
49178420,l3,X5,c3,49503,4.85,True,NOTINVOLVED_PURCHASE
49180171,l10,X1,c4,32330,14.78,True,NOTINVOLVED_PURCHASE
49217425,l0,X2,c4,43863,10.4,True,NOTINVOLVED_PURCHASE
49718982,A4,a2,c3,78342,2.38,True,SHADOW_PURCHASE1
49779410,l5,X1,c6,105642,5.26,True,NOTINVOLVED_PURCHASE
49786790,l12,X3,c6,49741,10.21,True,NOTINVOLVED_PURCHASE
49984711,a2,x3,c3,78342,1.54,False,SHADOW_PURCHASE2
50150621,l11,X1,c1,93619,2.08,True,NOTINVOLVED_PURCHASE
50217432,l2,X2,c6,66605,5.3,True,NOTINVOLVED_PURCHASE
50257384,x3,X0,c3,78342,1.0,True,SHADOW_PURCHASE3
50500897,A3,a1,c4,75722,12.25,True,SHADOW_PURCHASE1
50549597,A5,a0,c4,46002,10.06,True,SHADOW_PURCHASE1
50593297,A1,a1,c3,85069,3.69,True,SHADOW_PURCHASE1
50638513,A0,a0,c4,55030,6.12,True,SHADOW_PURCHASE1
50664742,A7,a5,c3,108573,3.88,True,SHADOW_PURCHASE1
50748020,l14,X3,c6,118040,6.3,True,NOTINVOLVED_PURCHASE
50784056,a1,x0,c4,75722,6.7,False,SHADOW_PURCHASE2
50792193,A2,a0,c4,115232,13.88,True,SHADOW_PURCHASE1
50801910,a0,x3,c4,46002,7.02,False,SHADOW_PURCHASE2
50830184,A6,a0,c5,105425,15.55,True,SHADOW_PURCHASE1
50866763,l9,X1,c6,32955,10.54,True,NOTINVOLVED_PURCHASE
50878261,a1,x1,c3,85069,3.58,False,SHADOW_PURCHASE2
50887883,a0,x5,c4,55030,5.91,False,SHADOW_PURCHASE2
50920133,a5,x0,c3,108573,3.18,False,SHADOW_PURCHASE2
51035445,a0,x2,c4,115232,5.79,False,SHADOW_PURCHASE2
51057803,x0,X2,c4,75722,3.3,True,SHADOW_PURCHASE3
51063816,x3,X4,c4,46002,5.55,True,SHADOW_PURCHASE3
51072479,a0,x4,c5,105425,6.4,False,SHADOW_PURCHASE2
51113305,x1,X6,c3,85069,2.81,True,SHADOW_PURCHASE3
51158277,x5,X2,c4,55030,4.91,True,SHADOW_PURCHASE3
51159254,x0,X5,c3,108573,2.59,True,SHADOW_PURCHASE3
51204761,l1,X1,c6,111898,8.58,True,NOTINVOLVED_PURCHASE
51254141,l7,X1,c6,58567,7.93,True,NOTINVOLVED_PURCHASE
51277203,x2,X4,c4,115232,4.12,True,SHADOW_PURCHASE3
51338534,l6,X3,c4,61375,8.41,True,NOTINVOLVED_PURCHASE
51344190,x4,X5,c5,105425,4.63,True,SHADOW_PURCHASE3
51452627,l13,X2,c6,113320,10.48,True,NOTINVOLVED_PURCHASE
51776593,l10,X0,c3,39302,4.07,True,NOTINVOLVED_PURCHASE
51819609,l4,X2,c1,39974,2.42,True,NOTINVOLVED_PURCHASE
51863748,l8,X1,c1,52831,2.9,True,NOTINVOLVED_PURCHASE
51865012,l0,X2,c4,72404,14.21,True,NOTINVOLVED_PURCHASE
51952195,l3,X3,c4,86772,12.18,True,NOTINVOLVED_PURCHASE
52231879,l12,X0,c5,80792,13.03,True,NOTINVOLVED_PURCHASE
52378377,A4,a2,c4,112125,9.09,True,SHADOW_PURCHASE1
52437655,l5,X1,c1,35454,2.59,True,NOTINVOLVED_PURCHASE
52630800,l11,X0,c1,63770,2.31,True,NOTINVOLVED_PURCHASE
52654489,a2,x3,c4,112125,4.28,False,SHADOW_PURCHASE2
52922970,x3,X3,c4,112125,3.64,True,SHADOW_PURCHASE3
52938174,l2,X2,c4,36472,14.24,True,NOTINVOLVED_PURCHASE
53207986,A7,a4,c5,108419,23.03,True,SHADOW_PURCHASE1
53235176,l9,X1,c4,94839,6.59,True,NOTINVOLVED_PURCHASE
53235452,A1,a5,c3,101183,3.94,True,SHADOW_PURCHASE1
53312480,A3,a4,c2,55609,12.18,True,SHADOW_PURCHASE1
53378567,A6,a1,c3,111601,5.17,True,SHADOW_PURCHASE1
53402002,A5,a1,c4,43982,6.95,True,SHADOW_PURCHASE1
53417834,l14,X3,c6,34194,9.14,True,NOTINVOLVED_PURCHASE
53465410,A0,a2,c5,81989,14.99,True,SHADOW_PURCHASE1
53486448,a5,x1,c3,101183,2.96,False,SHADOW_PURCHASE2
53487970,a4,x0,c5,108419,9.17,False,SHADOW_PURCHASE2
53548547,a4,x5,c2,55609,11.45,False,SHADOW_PURCHASE2
53662283,a1,x5,c3,111601,4.03,False,SHADOW_PURCHASE2
53673979,A2,X3,c4,93800,6.97,True,NORMAL_PURCHASE2
53682852,a1,x5,c4,43982,4.35,False,SHADOW_PURCHASE2
53728534,l1,X0,c3,51056,2.17,True,NOTINVOLVED_PURCHASE
53730282,a2,x2,c5,81989,9.98,False,SHADOW_PURCHASE2
53737246,x0,X5,c5,108419,5.05,True,SHADOW_PURCHASE3
53762279,x1,X6,c3,101183,1.06,True,SHADOW_PURCHASE3
53790378,x5,X6,c2,55609,4.4,True,SHADOW_PURCHASE3
53893489,l13,X3,c6,82498,8.85,True,NOTINVOLVED_PURCHASE
53918086,x5,X2,c4,43982,2.45,True,SHADOW_PURCHASE3
53935811,x5,X6,c3,111601,2.55,True,SHADOW_PURCHASE3
53983806,x2,X4,c5,81989,4.6,True,SHADOW_PURCHASE3
54023989,l7,X5,c1,102375,3.72,True,NOTINVOLVED_PURCHASE
54125987,l6,X2,c1,117711,3.39,True,NOTINVOLVED_PURCHASE
54190156,l4,X6,c3,38376,5.67,True,NOTINVOLVED_PURCHASE
54335957,l0,X4,c3,101627,4.32,True,NOTINVOLVED_PURCHASE
54495914,l10,X0,c5,62588,7.03,True,NOTINVOLVED_PURCHASE
54575463,l8,X0,c1,43529,3.39,True,NOTINVOLVED_PURCHASE
54821437,l3,X6,c6,33566,4.5,True,NOTINVOLVED_PURCHASE
54825066,A4,a4,c5,61629,20.29,True,SHADOW_PURCHASE1
54922460,l5,X2,c1,33198,2.31,True,NOTINVOLVED_PURCHASE
55062395,l12,X2,c4,72505,13.41,True,NOTINVOLVED_PURCHASE
55064973,a4,x3,c5,61629,10.34,False,SHADOW_PURCHASE2
55306575,x3,X5,c5,61629,9.33,True,SHADOW_PURCHASE3
55473316,l11,X1,c6,47969,8.21,True,NOTINVOLVED_PURCHASE
55647867,l2,X2,c1,84174,3.54,True,NOTINVOLVED_PURCHASE
55834552,A1,a3,c3,112387,4.29,True,SHADOW_PURCHASE1
55889169,A6,a3,c5,105170,11.68,True,SHADOW_PURCHASE1
55895927,A7,a5,c5,35263,19.07,True,SHADOW_PURCHASE1
55912510,l14,X0,c3,101390,3.19,True,NOTINVOLVED_PURCHASE
56008743,A0,a3,c2,105251,11.16,True,SHADOW_PURCHASE1
56042519,l9,X1,c6,32937,7.41,True,NOTINVOLVED_PURCHASE
56072474,A5,a5,c3,54687,4.5,True,SHADOW_PURCHASE1
56089326,A3,a1,c6,36527,4.24,True,SHADOW_PURCHASE1
56115724,a3,x3,c3,112387,3.67,False,SHADOW_PURCHASE2
56159921,a3,x4,c5,105170,11.5,False,SHADOW_PURCHASE2
56171811,a5,x3,c5,35263,18.96,False,SHADOW_PURCHASE2
56271264,A2,a3,c3,38092,5.32,True,SHADOW_PURCHASE1
56276011,a3,x2,c2,105251,9.93,False,SHADOW_PURCHASE2
56309358,a5,x2,c3,54687,4.32,False,SHADOW_PURCHASE2
56330082,a1,x0,c6,36527,3.8,False,SHADOW_PURCHASE2
56359641,x3,X0,c3,112387,2.39,True,SHADOW_PURCHASE3
56443962,x4,X5,c5,105170,8.01,True,SHADOW_PURCHASE3
56449902,x3,X4,c5,35263,8.55,True,SHADOW_PURCHASE3
56487883,l7,X1,c1,49506,3.84,True,NOTINVOLVED_PURCHASE
56515318,l6,X2,c4,98936,16.18,True,NOTINVOLVED_PURCHASE
56515842,a3,x3,c3,38092,3.59,False,SHADOW_PURCHASE2
56550050,x2,X6,c2,105251,4.15,True,SHADOW_PURCHASE3
56575593,x2,X6,c3,54687,2.72,True,SHADOW_PURCHASE3
56578042,l1,X0,c5,32907,14.73,True,NOTINVOLVED_PURCHASE
56581726,l13,X4,c4,84824,4.88,True,NOTINVOLVED_PURCHASE
56582689,x0,X2,c6,36527,2.62,True,SHADOW_PURCHASE3
56723128,l4,X5,c2,76265,6.49,True,NOTINVOLVED_PURCHASE
56798952,x3,X5,c3,38092,2.22,True,SHADOW_PURCHASE3
57027323,l0,X4,c5,60231,17.25,True,NOTINVOLVED_PURCHASE
57105063,l10,X0,c5,92869,15.47,True,NOTINVOLVED_PURCHASE
57197471,l8,X2,c6,50393,3.9,True,NOTINVOLVED_PURCHASE
57313357,A4,a3,c5,57895,21.34,True,SHADOW_PURCHASE1
57354102,l5,X2,c1,106473,3.92,True,NOTINVOLVED_PURCHASE
57410957,l3,X6,c2,97903,6.88,True,NOTINVOLVED_PURCHASE
57554115,a3,x4,c5,57895,10.79,False,SHADOW_PURCHASE2
57798253,x4,X4,c5,57895,5.79,True,SHADOW_PURCHASE3
57864617,l12,X0,c3,119428,2.79,True,NOTINVOLVED_PURCHASE
58226952,l11,X2,c6,115216,3.75,True,NOTINVOLVED_PURCHASE
58261303,A1,a5,c6,88094,7.88,True,SHADOW_PURCHASE1
58336464,l14,X0,c3,62759,3.18,True,NOTINVOLVED_PURCHASE
58379808,l2,X6,c3,39152,2.19,True,NOTINVOLVED_PURCHASE
58384252,A6,a0,c3,47341,4.18,True,SHADOW_PURCHASE1
58512125,A5,a1,c6,72875,7.09,True,SHADOW_PURCHASE1
58528631,a5,x1,c6,88094,3.84,False,SHADOW_PURCHASE2
58540639,A7,a5,c4,39260,13.95,True,SHADOW_PURCHASE1
58541495,A0,a4,c2,102998,12.51,True,SHADOW_PURCHASE1
58555818,A3,a3,c1,41267,3.0,True,SHADOW_PURCHASE1
58605039,l9,X1,c6,113916,7.54,True,NOTINVOLVED_PURCHASE
58667264,a0,x2,c3,47341,4.0,False,SHADOW_PURCHASE2
58755174,a1,x0,c6,72875,5.46,False,SHADOW_PURCHASE2
58770089,A2,a4,c4,75635,12.83,True,SHADOW_PURCHASE1
58784902,x1,X6,c6,88094,2.85,True,SHADOW_PURCHASE3
58786335,a4,x4,c2,102998,7.13,False,SHADOW_PURCHASE2
58789099,a5,x1,c4,39260,7.86,False,SHADOW_PURCHASE2
58839662,a3,x2,c1,41267,2.38,False,SHADOW_PURCHASE2
58924218,x2,X4,c3,47341,3.1,True,SHADOW_PURCHASE3
58992191,x0,X2,c6,72875,5.0,True,SHADOW_PURCHASE3
59044650,a4,x5,c4,75635,7.85,False,SHADOW_PURCHASE2
59049392,x1,X1,c4,39260,6.44,True,SHADOW_PURCHASE3
59057545,x4,X5,c2,102998,5.08,True,SHADOW_PURCHASE3
59076076,l6,X3,c6,81011,3.38,True,NOTINVOLVED_PURCHASE
59096190,l7,X5,c5,63817,15.51,True,NOTINVOLVED_PURCHASE
59114006,x2,X0,c1,41267,1.19,True,SHADOW_PURCHASE3
59162707,l4,X0,c3,110481,2.74,True,NOTINVOLVED_PURCHASE
59294001,l1,X4,c4,54725,7.67,True,NOTINVOLVED_PURCHASE
59295400,x5,X2,c4,75635,5.04,True,SHADOW_PURCHASE3
59471897,l13,X0,c5,56788,11.62,True,NOTINVOLVED_PURCHASE
59485473,l10,X1,c1,68420,2.64,True,NOTINVOLVED_PURCHASE
59598866,l0,X2,c1,55530,3.11,True,NOTINVOLVED_PURCHASE
59682264,A4,a0,c2,100895,3.97,True,SHADOW_PURCHASE1
59708653,l8,X2,c1,100685,3.94,True,NOTINVOLVED_PURCHASE
59950016,a0,x4,c2,100895,2.94,False,SHADOW_PURCHASE2
59967131,l5,X1,c4,67786,11.04,True,NOTINVOLVED_PURCHASE
60134381,l3,X6,c6,57157,8.67,True,NOTINVOLVED_PURCHASE
60201577,x4,X5,c2,100895,1.54,True,SHADOW_PURCHASE3
60345086,l12,X6,c2,51268,10.08,True,NOTINVOLVED_PURCHASE
60892391,A1,a5,c4,58911,11.08,True,SHADOW_PURCHASE1
60907937,l14,X2,c4,90094,8.89,True,NOTINVOLVED_PURCHASE
60976908,A5,a5,c6,88502,7.54,True,SHADOW_PURCHASE1
61011405,A0,a4,c6,68318,8.91,True,SHADOW_PURCHASE1
61036320,l2,X1,c6,74140,3.73,True,NOTINVOLVED_PURCHASE
61091332,l11,X1,c1,82428,3.0,True,NOTINVOLVED_PURCHASE
61139603,A7,a4,c6,46737,8.27,True,SHADOW_PURCHASE1
61156182,A3,a5,c2,118903,3.92,True,SHADOW_PURCHASE1
61162161,a5,x1,c4,58911,8.75,False,SHADOW_PURCHASE2
61221118,a5,x1,c6,88502,7.36,False,SHADOW_PURCHASE2
61246515,A6,a0,c1,83053,2.71,True,SHADOW_PURCHASE1
61259981,a4,x4,c6,68318,5.12,False,SHADOW_PURCHASE2
61261377,l9,X6,c6,32548,6.75,True,NOTINVOLVED_PURCHASE
61387296,a4,x0,c6,46737,5.25,False,SHADOW_PURCHASE2
61397505,a5,x1,c2,118903,3.62,False,SHADOW_PURCHASE2
61446797,x1,X2,c4,58911,5.66,True,SHADOW_PURCHASE3
61461862,x1,X3,c6,88502,6.84,True,SHADOW_PURCHASE3
61500108,x4,X1,c6,68318,4.51,True,SHADOW_PURCHASE3
61518747,a0,x5,c1,83053,2.6,False,SHADOW_PURCHASE2
61545433,l6,X0,c5,62843,11.51,True,NOTINVOLVED_PURCHASE
61578073,A2,a4,c2,100570,12.99,True,SHADOW_PURCHASE1
61654854,x1,X6,c2,118903,2.08,True,SHADOW_PURCHASE3
61672305,x0,X3,c6,46737,2.22,True,SHADOW_PURCHASE3
61790427,x5,X0,c1,83053,1.58,True,SHADOW_PURCHASE3
61820919,a4,x5,c2,100570,10.57,False,SHADOW_PURCHASE2
61842827,l13,X4,c4,109550,11.64,True,NOTINVOLVED_PURCHASE
61869834,l7,X2,c1,30199,3.19,True,NOTINVOLVED_PURCHASE
61872571,l4,X5,c5,55061,14.11,True,NOTINVOLVED_PURCHASE
61891839,l1,X2,c1,57668,2.2,True,NOTINVOLVED_PURCHASE
61953270,l10,X0,c1,100474,2.02,True,NOTINVOLVED_PURCHASE
61968044,l0,X6,c6,116183,3.02,True,NOTINVOLVED_PURCHASE
62101323,x5,X5,c2,100570,9.26,True,SHADOW_PURCHASE3
62191148,A4,a3,c1,37025,3.47,True,SHADOW_PURCHASE1
62424861,l8,X2,c6,68560,7.14,True,NOTINVOLVED_PURCHASE
62447886,a3,x4,c1,37025,1.66,False,SHADOW_PURCHASE2
62638710,l5,X1,c4,37884,15.58,True,NOTINVOLVED_PURCHASE
62728821,x4,X1,c1,37025,1.0,True,SHADOW_PURCHASE3
62985357,l3,X3,c6,40461,7.78,True,NOTINVOLVED_PURCHASE
63101035,l12,X0,c3,44610,2.9,True,NOTINVOLVED_PURCHASE
