timestamp,buyer,seller,component,qty,price,traced,eventType
312268,A3,X1,c5,118581,20.18,True,NORMAL_PURCHASE
314011,l1,X4,c1,90809,3.13,True,NOTINVOLVED_PURCHASE
317042,l48,X4,c2,53202,4.87,True,NOTINVOLVED_PURCHASE
318194,A5,a5,c6,78942,5.36,True,SHADOW_PURCHASE1
318503,l37,X1,c5,116390,15.43,True,NOTINVOLVED_PURCHASE
322075,l64,X6,c5,49334,21.03,True,NOTINVOLVED_PURCHASE
331331,l36,X0,c3,79488,3.72,True,NOTINVOLVED_PURCHASE
332180,l63,X6,c2,39944,10.75,True,NOTINVOLVED_PURCHASE
335526,l60,X1,c5,73863,23.61,True,NOTINVOLVED_PURCHASE
337631,l154,X0,c1,56833,3.42,True,NOTINVOLVED_PURCHASE
341771,l138,X5,c1,39111,3.13,True,NOTINVOLVED_PURCHASE
342401,l110,X2,c1,107853,2.65,True,NOTINVOLVED_PURCHASE
345121,l42,X4,c2,106799,4.25,True,NOTINVOLVED_PURCHASE
355854,l114,X4,c4,66841,15.88,True,NOTINVOLVED_PURCHASE
373643,l16,X4,c6,95443,3.62,True,NOTINVOLVED_PURCHASE
375466,l139,X3,c6,117517,10.24,True,NOTINVOLVED_PURCHASE
375895,l100,X6,c5,32656,13.26,True,NOTINVOLVED_PURCHASE
378020,l103,X5,c1,104585,3.15,True,NOTINVOLVED_PURCHASE
380036,l101,X6,c1,102914,2.74,True,NOTINVOLVED_PURCHASE
381359,l118,X6,c1,58285,2.1,True,NOTINVOLVED_PURCHASE
385531,l147,X0,c4,34073,5.23,True,NOTINVOLVED_PURCHASE
385885,l142,X0,c5,89924,8.47,True,NOTINVOLVED_PURCHASE
401074,l104,X2,c5,89085,9.84,True,NOTINVOLVED_PURCHASE
403582,l57,X6,c1,97074,2.91,True,NOTINVOLVED_PURCHASE
409625,l108,X4,c1,98306,2.41,True,NOTINVOLVED_PURCHASE
414195,l70,X3,c6,61582,4.02,True,NOTINVOLVED_PURCHASE
417627,l107,X3,c1,62642,3.55,True,NOTINVOLVED_PURCHASE
421415,l109,X0,c1,93947,3.19,True,NOTINVOLVED_PURCHASE
433115,l73,X6,c2,71164,12.36,True,NOTINVOLVED_PURCHASE
442004,l66,X3,c6,57063,10.3,True,NOTINVOLVED_PURCHASE
449978,l85,X0,c3,99334,3.82,True,NOTINVOLVED_PURCHASE
453105,l58,X4,c1,79346,2.72,True,NOTINVOLVED_PURCHASE
456457,l45,X6,c4,90110,13.98,True,NOTINVOLVED_PURCHASE
457550,l72,X2,c6,79710,5.62,True,NOTINVOLVED_PURCHASE
460289,l78,X6,c5,81144,9.45,True,NOTINVOLVED_PURCHASE
462588,A4,X5,c1,41697,2.04,True,NORMAL_PURCHASE
467724,l127,X1,c6,45892,3.4,True,NOTINVOLVED_PURCHASE
468832,l43,X5,c4,38498,11.42,True,NOTINVOLVED_PURCHASE
469297,l12,X5,c4,79262,16.37,True,NOTINVOLVED_PURCHASE
470183,l22,X0,c3,88862,5.24,True,NOTINVOLVED_PURCHASE
470565,l123,X6,c5,90135,16.24,True,NOTINVOLVED_PURCHASE
472433,l59,X6,c5,36712,17.54,True,NOTINVOLVED_PURCHASE
478929,l8,X4,c1,116371,2.26,True,NOTINVOLVED_PURCHASE
483899,l146,X5,c1,87497,3.02,True,NOTINVOLVED_PURCHASE
488865,l49,X3,c6,42117,9.82,True,NOTINVOLVED_PURCHASE
490231,l125,X6,c2,115317,8.02,True,NOTINVOLVED_PURCHASE
492715,l145,X3,c1,36801,2.41,True,NOTINVOLVED_PURCHASE
492953,l140,X1,c6,31342,3.83,True,NOTINVOLVED_PURCHASE
499604,l9,X3,c1,62941,2.7,True,NOTINVOLVED_PURCHASE
515711,l3,X6,c1,83814,3.83,True,NOTINVOLVED_PURCHASE
518170,A1,X6,c2,73007,8.84,True,NORMAL_PURCHASE
518637,l112,X1,c5,76774,14.76,True,NOTINVOLVED_PURCHASE
525024,l76,X5,c4,44738,6.05,True,NOTINVOLVED_PURCHASE
531033,l4,X2,c6,78972,2.75,True,NOTINVOLVED_PURCHASE
533851,l69,X6,c1,34980,2.39,True,NOTINVOLVED_PURCHASE
539771,l88,X0,c4,109092,6.42,True,NOTINVOLVED_PURCHASE
543436,l6,X6,c1,96719,2.23,True,NOTINVOLVED_PURCHASE
549184,l11,X3,c6,72434,3.82,True,NOTINVOLVED_PURCHASE
549959,l62,X6,c4,44925,13.51,True,NOTINVOLVED_PURCHASE
556255,l131,X4,c1,74624,3.45,True,NOTINVOLVED_PURCHASE
556275,l84,X6,c1,44148,3.04,True,NOTINVOLVED_PURCHASE
558258,l67,X2,c1,41775,2.64,True,NOTINVOLVED_PURCHASE
560369,l155,X6,c2,107112,9.05,True,NOTINVOLVED_PURCHASE
562051,l82,X1,c6,79660,7.95,True,NOTINVOLVED_PURCHASE
564190,l47,X0,c5,60765,10.06,True,NOTINVOLVED_PURCHASE
565976,l97,X5,c1,35169,2.49,True,NOTINVOLVED_PURCHASE
569173,l119,X4,c4,104998,4.84,True,NOTINVOLVED_PURCHASE
579181,l102,X3,c6,59224,3.37,True,NOTINVOLVED_PURCHASE
582145,l31,X1,c5,98249,6.54,True,NOTINVOLVED_PURCHASE
584866,l133,X2,c6,56981,2.82,True,NOTINVOLVED_PURCHASE
585520,l18,X5,c4,118935,11.78,True,NOTINVOLVED_PURCHASE
585728,l98,X3,c6,78008,3.93,True,NOTINVOLVED_PURCHASE
586032,l34,X4,c1,110774,3.96,True,NOTINVOLVED_PURCHASE
586979,a5,x3,c6,78942,4.45,False,SHADOW_PURCHASE2
587451,l50,X1,c5,117515,24.78,True,NOTINVOLVED_PURCHASE
594985,A2,X3,c6,67847,3.78,True,NORMAL_PURCHASE
595044,l129,X3,c1,87795,3.77,True,NOTINVOLVED_PURCHASE
595486,l124,X0,c5,93140,11.16,True,NOTINVOLVED_PURCHASE
607663,l33,X5,c1,72740,2.01,True,NOTINVOLVED_PURCHASE
613424,l95,X3,c1,82534,2.38,True,NOTINVOLVED_PURCHASE
614810,l30,X0,c5,61209,22.0,True,NOTINVOLVED_PURCHASE
619586,l159,X3,c6,51671,8.81,True,NOTINVOLVED_PURCHASE
632517,l2,X1,c5,107389,21.76,True,NOTINVOLVED_PURCHASE
632852,l149,X2,c5,73437,6.42,True,NOTINVOLVED_PURCHASE
635020,l52,X2,c1,42087,2.0,True,NOTINVOLVED_PURCHASE
642821,l143,X0,c5,41315,23.68,True,NOTINVOLVED_PURCHASE
642833,l0,X2,c1,81975,2.39,True,NOTINVOLVED_PURCHASE
642940,l128,X2,c5,61749,7.48,True,NOTINVOLVED_PURCHASE
643317,l106,X3,c1,65459,2.29,True,NOTINVOLVED_PURCHASE
646375,l7,X0,c1,39075,3.53,True,NOTINVOLVED_PURCHASE
647448,l115,X0,c4,57638,14.52,True,NOTINVOLVED_PURCHASE
648888,l5,X2,c6,36275,10.58,True,NOTINVOLVED_PURCHASE
650182,l46,X6,c1,95505,2.14,True,NOTINVOLVED_PURCHASE
661590,l87,X3,c6,76979,3.14,True,NOTINVOLVED_PURCHASE
666130,l141,X2,c1,111543,3.14,True,NOTINVOLVED_PURCHASE
666231,l24,X3,c6,98846,5.41,True,NOTINVOLVED_PURCHASE
667781,l68,X0,c5,66130,12.53,True,NOTINVOLVED_PURCHASE
669877,l29,X0,c4,95380,14.96,True,NOTINVOLVED_PURCHASE
672336,l137,X1,c6,37109,8.99,True,NOTINVOLVED_PURCHASE
673397,l39,X4,c2,116190,6.18,True,NOTINVOLVED_PURCHASE
676483,A6,X4,c2,58447,5.56,True,NORMAL_PURCHASE
679199,l25,X4,c4,75236,9.67,True,NOTINVOLVED_PURCHASE
681629,l132,X1,c6,79460,5.99,True,NOTINVOLVED_PURCHASE
681703,l94,X1,c5,72143,25.62,True,NOTINVOLVED_PURCHASE
686225,l151,X5,c1,62584,3.77,True,NOTINVOLVED_PURCHASE
690275,l92,X4,c2,52001,10.61,True,NOTINVOLVED_PURCHASE
693418,l74,X1,c5,60132,20.73,True,NOTINVOLVED_PURCHASE
694246,l86,X0,c3,118661,3.52,True,NOTINVOLVED_PURCHASE
703899,l27,X1,c5,104022,17.08,True,NOTINVOLVED_PURCHASE
711575,l32,X4,c6,66014,9.23,True,NOTINVOLVED_PURCHASE
719655,l80,X0,c1,66430,3.95,True,NOTINVOLVED_PURCHASE
720387,l10,X4,c6,80737,7.19,True,NOTINVOLVED_PURCHASE
721532,l71,X5,c1,43100,2.47,True,NOTINVOLVED_PURCHASE
729061,l130,X3,c6,64128,10.02,True,NOTINVOLVED_PURCHASE
729986,l53,X3,c1,63557,3.75,True,NOTINVOLVED_PURCHASE
732305,l122,X3,c1,88536,2.55,True,NOTINVOLVED_PURCHASE
743545,l150,X4,c4,99581,7.55,True,NOTINVOLVED_PURCHASE
749903,l38,X0,c4,54585,6.89,True,NOTINVOLVED_PURCHASE
750763,l96,X3,c6,42424,6.55,True,NOTINVOLVED_PURCHASE
752817,l105,X5,c1,49257,2.0,True,NOTINVOLVED_PURCHASE
753346,l153,X0,c1,59228,2.66,True,NOTINVOLVED_PURCHASE
756361,l54,X2,c5,66294,14.91,True,NOTINVOLVED_PURCHASE
756489,l144,X4,c6,47690,6.22,True,NOTINVOLVED_PURCHASE
760449,l51,X4,c4,106243,15.47,True,NOTINVOLVED_PURCHASE
766994,l121,X1,c5,113697,22.2,True,NOTINVOLVED_PURCHASE
767171,l99,X6,c2,66039,4.58,True,NOTINVOLVED_PURCHASE
767492,l158,X4,c6,57030,2.74,True,NOTINVOLVED_PURCHASE
768470,l21,X6,c1,70042,1.99,True,NOTINVOLVED_PURCHASE
768591,l81,X1,c6,66352,7.53,True,NOTINVOLVED_PURCHASE
768698,A0,X4,c4,87123,15.16,True,NORMAL_PURCHASE
777643,l90,X1,c5,71706,19.99,True,NOTINVOLVED_PURCHASE
780136,l117,X1,c6,97943,10.69,True,NOTINVOLVED_PURCHASE
782217,l14,X0,c4,66384,9.19,True,NOTINVOLVED_PURCHASE
784388,l157,X6,c4,117976,8.51,True,NOTINVOLVED_PURCHASE
788747,l13,X3,c6,94581,5.12,True,NOTINVOLVED_PURCHASE
795111,l61,X1,c6,32218,4.22,True,NOTINVOLVED_PURCHASE
802549,l55,X6,c4,76909,14.54,True,NOTINVOLVED_PURCHASE
804401,l17,X6,c1,46033,3.21,True,NOTINVOLVED_PURCHASE
808829,l113,X0,c1,49678,3.61,True,NOTINVOLVED_PURCHASE
809195,l75,X3,c1,101963,3.03,True,NOTINVOLVED_PURCHASE
821910,l152,X5,c1,48301,3.21,True,NOTINVOLVED_PURCHASE
831389,l156,X5,c4,93728,6.64,True,NOTINVOLVED_PURCHASE
835182,l65,X4,c4,39086,15.02,True,NOTINVOLVED_PURCHASE
835790,l35,X0,c3,98864,2.08,True,NOTINVOLVED_PURCHASE
838020,l134,X3,c1,86886,2.36,True,NOTINVOLVED_PURCHASE
841184,l56,X0,c5,55944,22.23,True,NOTINVOLVED_PURCHASE
846279,l77,X4,c6,32891,8.03,True,NOTINVOLVED_PURCHASE
846799,l19,X6,c5,82131,16.62,True,NOTINVOLVED_PURCHASE
847810,x3,X2,c6,78942,2.16,True,SHADOW_PURCHASE3
850359,l20,X2,c6,72531,6.02,True,NOTINVOLVED_PURCHASE
851172,l15,X5,c1,82516,3.66,True,NOTINVOLVED_PURCHASE
851524,l44,X3,c6,72359,3.49,True,NOTINVOLVED_PURCHASE
854479,l111,X0,c5,34658,23.83,True,NOTINVOLVED_PURCHASE
856041,l91,X3,c1,53019,3.4,True,NOTINVOLVED_PURCHASE
857379,l93,X2,c1,104949,3.14,True,NOTINVOLVED_PURCHASE
857407,l136,X2,c5,34567,16.25,True,NOTINVOLVED_PURCHASE
858972,l23,X3,c6,65784,9.87,True,NOTINVOLVED_PURCHASE
863898,l28,X1,c5,89629,23.33,True,NOTINVOLVED_PURCHASE
871300,l135,X2,c1,44438,3.65,True,NOTINVOLVED_PURCHASE
872860,l41,X2,c5,102407,20.59,True,NOTINVOLVED_PURCHASE
874033,l126,X3,c6,100575,3.79,True,NOTINVOLVED_PURCHASE
878876,l116,X4,c1,63478,2.0,True,NOTINVOLVED_PURCHASE
880407,l89,X4,c2,84294,5.38,True,NOTINVOLVED_PURCHASE
885025,l83,X4,c6,112698,10.29,True,NOTINVOLVED_PURCHASE
888124,A7,X4,c2,56686,8.81,True,NORMAL_PURCHASE
891053,l26,X2,c1,107215,3.31,True,NOTINVOLVED_PURCHASE
894893,l79,X2,c1,69682,2.12,True,NOTINVOLVED_PURCHASE
895535,l148,X4,c1,48447,3.54,True,NOTINVOLVED_PURCHASE
899489,l120,X0,c5,72171,10.67,True,NOTINVOLVED_PURCHASE
899934,l40,X0,c3,31541,4.55,True,NOTINVOLVED_PURCHASE
2750642,l154,X5,c4,33855,7.44,True,NOTINVOLVED_PURCHASE
2811936,l66,X2,c6,59724,10.2,True,NOTINVOLVED_PURCHASE
2832679,A5,a0,c6,113371,9.64,True,SHADOW_PURCHASE1
2843878,l103,X5,c4,78620,16.46,True,NOTINVOLVED_PURCHASE
2848870,l8,X6,c5,52031,19.66,True,NOTINVOLVED_PURCHASE
2850335,l45,X6,c1,33279,2.97,True,NOTINVOLVED_PURCHASE
2852415,l48,X0,c4,84956,13.67,True,NOTINVOLVED_PURCHASE
2861068,l146,X2,c1,90281,2.76,True,NOTINVOLVED_PURCHASE
2865647,l1,X1,c6,58041,4.37,True,NOTINVOLVED_PURCHASE
2869681,l101,X1,c5,85071,17.38,True,NOTINVOLVED_PURCHASE
2890109,l36,X3,c6,81712,7.9,True,NOTINVOLVED_PURCHASE
2915387,l114,X2,c1,60881,2.91,True,NOTINVOLVED_PURCHASE
2918927,l147,X2,c5,114183,15.92,True,NOTINVOLVED_PURCHASE
2919284,l64,X2,c5,72865,17.6,True,NOTINVOLVED_PURCHASE
2923056,l62,X0,c5,33540,10.23,True,NOTINVOLVED_PURCHASE
2934492,l9,X4,c1,106029,2.75,True,NOTINVOLVED_PURCHASE
2936535,l69,X4,c1,117148,3.19,True,NOTINVOLVED_PURCHASE
2952617,l11,X4,c6,42373,9.87,True,NOTINVOLVED_PURCHASE
2957673,l59,X2,c6,72768,3.67,True,NOTINVOLVED_PURCHASE
2958351,l133,X1,c5,65440,11.77,True,NOTINVOLVED_PURCHASE
2959220,l139,X4,c2,112304,11.38,True,NOTINVOLVED_PURCHASE
2976140,l138,X2,c6,95215,3.49,True,NOTINVOLVED_PURCHASE
2989959,l104,X2,c1,50159,3.59,True,NOTINVOLVED_PURCHASE
2998919,l82,X1,c6,83167,4.35,True,NOTINVOLVED_PURCHASE
3002228,l123,X6,c2,70807,8.85,True,NOTINVOLVED_PURCHASE
3005682,l155,X4,c6,64463,4.38,True,NOTINVOLVED_PURCHASE
3009803,l131,X2,c6,41853,10.1,True,NOTINVOLVED_PURCHASE
3015239,l72,X6,c4,62806,14.62,True,NOTINVOLVED_PURCHASE
3029710,l78,X4,c6,44069,6.98,True,NOTINVOLVED_PURCHASE
3029975,l129,X3,c1,97972,3.34,True,NOTINVOLVED_PURCHASE
3039345,l16,X1,c5,104173,23.25,True,NOTINVOLVED_PURCHASE
3045554,l24,X6,c5,106706,12.11,True,NOTINVOLVED_PURCHASE
3057242,l142,X0,c1,64946,3.39,True,NOTINVOLVED_PURCHASE
3074968,l52,X4,c6,30270,6.46,True,NOTINVOLVED_PURCHASE
3075437,l119,X6,c4,86203,8.38,True,NOTINVOLVED_PURCHASE
3079126,l60,X0,c3,76959,5.72,True,NOTINVOLVED_PURCHASE
3083849,l110,X3,c1,49519,2.75,True,NOTINVOLVED_PURCHASE
3093347,l42,X4,c2,107585,10.2,True,NOTINVOLVED_PURCHASE
3093912,a0,x0,c6,113371,3.78,False,SHADOW_PURCHASE2
3094547,l10,X4,c4,89883,11.72,True,NOTINVOLVED_PURCHASE
3098542,l5,X3,c1,49782,3.36,True,NOTINVOLVED_PURCHASE
3105366,l87,X6,c4,59215,7.46,True,NOTINVOLVED_PURCHASE
3110095,l85,X4,c1,51370,3.77,True,NOTINVOLVED_PURCHASE
3110765,l124,X3,c1,55860,2.13,True,NOTINVOLVED_PURCHASE
3112275,l84,X3,c6,42090,6.77,True,NOTINVOLVED_PURCHASE
3119541,l37,X2,c1,69380,2.92,True,NOTINVOLVED_PURCHASE
3122109,l98,X2,c5,45425,18.62,True,NOTINVOLVED_PURCHASE
3125048,l109,X0,c1,70332,2.31,True,NOTINVOLVED_PURCHASE
3129601,l46,X1,c6,48502,8.64,True,NOTINVOLVED_PURCHASE
3132326,l107,X0,c3,35829,2.63,True,NOTINVOLVED_PURCHASE
3132847,l100,X1,c5,87136,8.08,True,NOTINVOLVED_PURCHASE
3136527,l39,X6,c1,93880,3.33,True,NOTINVOLVED_PURCHASE
3138732,l63,X0,c1,76609,2.16,True,NOTINVOLVED_PURCHASE
3140694,l73,X6,c5,116614,22.48,True,NOTINVOLVED_PURCHASE
3142658,l86,X5,c1,58609,3.19,True,NOTINVOLVED_PURCHASE
3150877,l151,X5,c1,47428,3.5,True,NOTINVOLVED_PURCHASE
3159386,l108,X4,c6,58713,5.95,True,NOTINVOLVED_PURCHASE
3164170,l141,X1,c5,105490,6.66,True,NOTINVOLVED_PURCHASE
3168458,l70,X6,c1,55963,2.25,True,NOTINVOLVED_PURCHASE
3169124,l2,X1,c5,64815,8.96,True,NOTINVOLVED_PURCHASE
3180308,l88,X4,c6,63125,10.23,True,NOTINVOLVED_PURCHASE
3182692,A0,X0,c4,90989,13.22,True,NORMAL_PURCHASE
3183641,l137,X0,c1,93642,3.27,True,NOTINVOLVED_PURCHASE
3201256,A3,X1,c5,64682,10.82,True,NORMAL_PURCHASE
3204524,l6,X0,c4,59202,15.75,True,NOTINVOLVED_PURCHASE
3214528,l18,X2,c6,92575,9.12,True,NOTINVOLVED_PURCHASE
3216249,l43,X5,c4,116539,11.8,True,NOTINVOLVED_PURCHASE
3217762,l150,X1,c6,81452,7.39,True,NOTINVOLVED_PURCHASE
3219016,l102,X4,c6,72779,4.03,True,NOTINVOLVED_PURCHASE
3220111,l75,X3,c6,85795,9.39,True,NOTINVOLVED_PURCHASE
3220553,l65,X6,c5,100037,22.96,True,NOTINVOLVED_PURCHASE
3225974,l106,X0,c4,114092,13.36,True,NOTINVOLVED_PURCHASE
3227634,l113,X1,c5,88784,21.04,True,NOTINVOLVED_PURCHASE
3228796,l118,X3,c6,40741,10.69,True,NOTINVOLVED_PURCHASE
3229038,l111,X2,c1,41039,2.17,True,NOTINVOLVED_PURCHASE
3238745,l115,X1,c6,38233,4.78,True,NOTINVOLVED_PURCHASE
3241972,l127,X4,c1,100267,2.64,True,NOTINVOLVED_PURCHASE
3250466,l57,X1,c6,101973,4.89,True,NOTINVOLVED_PURCHASE
3251195,l58,X4,c4,97600,7.4,True,NOTINVOLVED_PURCHASE
3251611,l81,X2,c6,84253,9.14,True,NOTINVOLVED_PURCHASE
3257454,l44,X3,c1,61078,2.8,True,NOTINVOLVED_PURCHASE
3273752,l20,X4,c6,111654,5.65,True,NOTINVOLVED_PURCHASE
3277489,l27,X4,c1,95378,2.6,True,NOTINVOLVED_PURCHASE
3277618,l116,X4,c2,48208,9.72,True,NOTINVOLVED_PURCHASE
3279391,l105,X5,c4,101973,13.55,True,NOTINVOLVED_PURCHASE
3283201,l140,X5,c1,58832,2.63,True,NOTINVOLVED_PURCHASE
3283208,l61,X1,c5,94199,17.48,True,NOTINVOLVED_PURCHASE
3288445,l55,X6,c1,80103,3.31,True,NOTINVOLVED_PURCHASE
3290855,l95,X0,c4,75678,9.66,True,NOTINVOLVED_PURCHASE
3292619,l49,X6,c1,32724,3.6,True,NOTINVOLVED_PURCHASE
3295024,l25,X0,c4,41775,16.12,True,NOTINVOLVED_PURCHASE
3301965,l130,X5,c1,46526,2.84,True,NOTINVOLVED_PURCHASE
3305082,l143,X0,c4,114062,9.84,True,NOTINVOLVED_PURCHASE
3308421,l112,X4,c1,31286,2.74,True,NOTINVOLVED_PURCHASE
3309030,l53,X1,c6,104189,7.08,True,NOTINVOLVED_PURCHASE
3311126,l91,X4,c1,79827,2.9,True,NOTINVOLVED_PURCHASE
3313619,l134,X3,c1,105118,3.94,True,NOTINVOLVED_PURCHASE
3314760,l125,X3,c1,65031,3.17,True,NOTINVOLVED_PURCHASE
3314866,l12,X6,c5,96685,21.93,True,NOTINVOLVED_PURCHASE
3317169,l132,X6,c1,50045,2.37,True,NOTINVOLVED_PURCHASE
3327380,l4,X2,c6,31442,4.96,True,NOTINVOLVED_PURCHASE
3327421,l3,X4,c4,43699,14.76,True,NOTINVOLVED_PURCHASE
3327692,l22,X0,c1,77643,3.95,True,NOTINVOLVED_PURCHASE
3335139,l0,X4,c1,38360,2.95,True,NOTINVOLVED_PURCHASE
3337180,l120,X4,c2,101608,10.11,True,NOTINVOLVED_PURCHASE
3342501,l34,X3,c1,47704,3.16,True,NOTINVOLVED_PURCHASE
3344040,l145,X3,c6,84035,5.56,True,NOTINVOLVED_PURCHASE
3348419,l29,X2,c1,66362,2.09,True,NOTINVOLVED_PURCHASE
3348855,l128,X2,c1,107590,2.95,True,NOTINVOLVED_PURCHASE
3349857,A4,a2,c4,40760,12.81,True,SHADOW_PURCHASE1
3351091,l31,X3,c1,70382,3.18,True,NOTINVOLVED_PURCHASE
3357709,l15,X0,c1,67888,2.64,True,NOTINVOLVED_PURCHASE
3361795,x0,X4,c6,113371,2.02,True,SHADOW_PURCHASE3
3361977,l74,X2,c1,69391,3.69,True,NOTINVOLVED_PURCHASE
3363660,l50,X0,c4,74083,11.71,True,NOTINVOLVED_PURCHASE
3364222,l90,X5,c1,69971,3.36,True,NOTINVOLVED_PURCHASE
3365200,l76,X2,c6,36278,6.81,True,NOTINVOLVED_PURCHASE
3366863,l7,X5,c1,81727,2.96,True,NOTINVOLVED_PURCHASE
3368558,l77,X6,c2,30186,8.51,True,NOTINVOLVED_PURCHASE
3399047,l159,X3,c6,65448,7.06,True,NOTINVOLVED_PURCHASE
3400946,A1,a4,c1,31184,2.67,True,SHADOW_PURCHASE1
3407943,l67,X6,c2,110536,9.7,True,NOTINVOLVED_PURCHASE
3410748,l149,X2,c1,42342,2.61,True,NOTINVOLVED_PURCHASE
3413917,l93,X0,c1,41764,2.55,True,NOTINVOLVED_PURCHASE
3414029,l33,X4,c2,98748,10.37,True,NOTINVOLVED_PURCHASE
3416768,l121,X0,c1,44438,2.54,True,NOTINVOLVED_PURCHASE
3418081,A6,a4,c5,105021,10.13,True,SHADOW_PURCHASE1
3418807,l30,X2,c1,101059,2.07,True,NOTINVOLVED_PURCHASE
3426104,l156,X1,c5,81760,25.46,True,NOTINVOLVED_PURCHASE
3427915,l14,X2,c5,87875,17.18,True,NOTINVOLVED_PURCHASE
3430520,l117,X1,c5,117742,15.43,True,NOTINVOLVED_PURCHASE
3433925,l99,X5,c4,101583,16.14,True,NOTINVOLVED_PURCHASE
3437564,l122,X1,c6,81751,4.27,True,NOTINVOLVED_PURCHASE
3438936,A2,a3,c5,49158,23.98,True,SHADOW_PURCHASE1
3445878,l92,X4,c1,55685,2.23,True,NOTINVOLVED_PURCHASE
3448569,l47,X0,c1,110148,2.99,True,NOTINVOLVED_PURCHASE
3453246,l97,X5,c1,97562,3.81,True,NOTINVOLVED_PURCHASE
3453735,l136,X6,c2,114426,13.23,True,NOTINVOLVED_PURCHASE
3456448,l21,X5,c1,41267,3.24,True,NOTINVOLVED_PURCHASE
3466726,l94,X5,c1,69840,2.55,True,NOTINVOLVED_PURCHASE
3472237,l80,X6,c5,57146,14.33,True,NOTINVOLVED_PURCHASE
3485448,l68,X6,c1,114540,3.5,True,NOTINVOLVED_PURCHASE
3494241,l51,X6,c4,40181,10.47,True,NOTINVOLVED_PURCHASE
3504828,l28,X5,c4,52491,13.96,True,NOTINVOLVED_PURCHASE
3509496,l54,X6,c5,63715,14.65,True,NOTINVOLVED_PURCHASE
3516290,l35,X2,c1,90631,2.88,True,NOTINVOLVED_PURCHASE
3522454,l96,X0,c5,40475,18.04,True,NOTINVOLVED_PURCHASE
3533213,l83,X1,c6,93396,7.1,True,NOTINVOLVED_PURCHASE
3535704,l26,X2,c1,87134,2.69,True,NOTINVOLVED_PURCHASE
3539514,l17,X6,c2,46020,10.0,True,NOTINVOLVED_PURCHASE
3545546,l158,X4,c2,110019,10.33,True,NOTINVOLVED_PURCHASE
3550787,l32,X2,c1,44903,3.22,True,NOTINVOLVED_PURCHASE
3553128,l144,X0,c4,109219,12.98,True,NOTINVOLVED_PURCHASE
3562935,l56,X3,c1,68997,2.61,True,NOTINVOLVED_PURCHASE
3575151,l38,X0,c5,88884,24.67,True,NOTINVOLVED_PURCHASE
3575533,l152,X5,c4,70456,9.78,True,NOTINVOLVED_PURCHASE
3580491,l41,X2,c6,46660,3.06,True,NOTINVOLVED_PURCHASE
3584654,l135,X2,c1,81503,2.49,True,NOTINVOLVED_PURCHASE
3593416,a2,x1,c4,40760,6.21,False,SHADOW_PURCHASE2
3595780,l153,X2,c5,60472,7.36,True,NOTINVOLVED_PURCHASE
3598798,l126,X3,c6,54321,6.37,True,NOTINVOLVED_PURCHASE
3599380,l23,X1,c6,95425,9.65,True,NOTINVOLVED_PURCHASE
3602113,l71,X5,c1,96934,3.38,True,NOTINVOLVED_PURCHASE
3620353,l157,X4,c2,50281,12.28,True,NOTINVOLVED_PURCHASE
3630901,l79,X4,c2,114044,8.93,True,NOTINVOLVED_PURCHASE
3635008,a4,x5,c1,31184,2.46,False,SHADOW_PURCHASE2
3656900,A7,X6,c1,99168,3.04,True,NORMAL_PURCHASE
3668719,a4,x2,c5,105021,4.53,False,SHADOW_PURCHASE2
3676040,l13,X3,c1,81852,3.02,True,NOTINVOLVED_PURCHASE
3677633,l40,X5,c1,56012,3.67,True,NOTINVOLVED_PURCHASE
3684478,a3,x0,c5,49158,11.54,False,SHADOW_PURCHASE2
3687657,l19,X6,c4,113910,10.79,True,NOTINVOLVED_PURCHASE
3690288,l89,X3,c6,108307,5.57,True,NOTINVOLVED_PURCHASE
3691361,l148,X4,c2,69689,8.89,True,NOTINVOLVED_PURCHASE
3848632,x1,X4,c4,40760,3.03,True,SHADOW_PURCHASE3
3919173,x5,X0,c1,31184,1.29,True,SHADOW_PURCHASE3
3928608,x2,X6,c5,105021,2.82,True,SHADOW_PURCHASE3
3946632,x0,X2,c5,49158,4.92,True,SHADOW_PURCHASE3
5318908,l154,X5,c4,62076,13.57,True,NOTINVOLVED_PURCHASE
5360966,l36,X0,c1,75098,2.82,True,NOTINVOLVED_PURCHASE
5368276,l69,X6,c4,92958,10.5,True,NOTINVOLVED_PURCHASE
5368392,A5,a5,c5,104243,23.73,True,SHADOW_PURCHASE1
5411133,l114,X2,c1,33481,2.47,True,NOTINVOLVED_PURCHASE
5422026,l48,X0,c5,109321,26.53,True,NOTINVOLVED_PURCHASE
5432524,l11,X5,c4,55279,8.52,True,NOTINVOLVED_PURCHASE
5455274,l24,X1,c6,66112,6.31,True,NOTINVOLVED_PURCHASE
5485224,l8,X5,c1,87890,3.63,True,NOTINVOLVED_PURCHASE
5503551,l146,X5,c1,117128,2.44,True,NOTINVOLVED_PURCHASE
5505005,l138,X2,c1,38851,3.21,True,NOTINVOLVED_PURCHASE
5518674,l104,X2,c5,45753,17.65,True,NOTINVOLVED_PURCHASE
5519572,l142,X3,c6,112031,8.23,True,NOTINVOLVED_PURCHASE
5526220,l124,X0,c3,113566,3.85,True,NOTINVOLVED_PURCHASE
5537033,l72,X5,c1,105371,2.51,True,NOTINVOLVED_PURCHASE
5541417,l82,X0,c3,60493,5.58,True,NOTINVOLVED_PURCHASE
5543440,l147,X6,c5,106411,14.22,True,NOTINVOLVED_PURCHASE
5578653,l100,X4,c6,45816,5.86,True,NOTINVOLVED_PURCHASE
5581900,l123,X6,c2,66202,10.64,True,NOTINVOLVED_PURCHASE
5582581,l139,X3,c6,116592,5.7,True,NOTINVOLVED_PURCHASE
5590611,l9,X1,c6,54804,7.63,True,NOTINVOLVED_PURCHASE
5591707,l133,X2,c1,37010,3.18,True,NOTINVOLVED_PURCHASE
5605802,l110,X5,c4,33554,7.38,True,NOTINVOLVED_PURCHASE
5610059,l39,X6,c2,117815,8.65,True,NOTINVOLVED_PURCHASE
5613946,l1,X4,c4,50412,6.94,True,NOTINVOLVED_PURCHASE
5614279,l101,X1,c5,79238,13.33,True,NOTINVOLVED_PURCHASE
5615764,a5,x4,c5,104243,19.39,False,SHADOW_PURCHASE2
5626330,l64,X1,c6,119526,7.72,True,NOTINVOLVED_PURCHASE
5628734,l98,X3,c1,45687,2.24,True,NOTINVOLVED_PURCHASE
5647771,l70,X6,c5,35821,26.88,True,NOTINVOLVED_PURCHASE
5653336,l103,X5,c1,37860,3.53,True,NOTINVOLVED_PURCHASE
5656684,l42,X5,c4,70684,15.57,True,NOTINVOLVED_PURCHASE
5660786,l61,X4,c1,99546,2.69,True,NOTINVOLVED_PURCHASE
5664944,l66,X5,c4,96688,6.21,True,NOTINVOLVED_PURCHASE
5669334,l131,X4,c2,89322,4.66,True,NOTINVOLVED_PURCHASE
5698734,l60,X1,c6,109081,9.83,True,NOTINVOLVED_PURCHASE
5700229,l45,X1,c6,105562,7.14,True,NOTINVOLVED_PURCHASE
5701364,l20,X1,c6,114224,5.29,True,NOTINVOLVED_PURCHASE
5705861,l150,X2,c1,116546,3.13,True,NOTINVOLVED_PURCHASE
5709303,l118,X4,c1,68278,2.94,True,NOTINVOLVED_PURCHASE
5716822,l44,X2,c6,71495,6.58,True,NOTINVOLVED_PURCHASE
5721816,l52,X4,c4,74752,9.91,True,NOTINVOLVED_PURCHASE
5734346,l88,X2,c1,79323,3.77,True,NOTINVOLVED_PURCHASE
5742558,l113,X0,c4,34090,5.99,True,NOTINVOLVED_PURCHASE
5762911,l34,X3,c1,51056,3.73,True,NOTINVOLVED_PURCHASE
5765007,l120,X4,c2,99067,6.44,True,NOTINVOLVED_PURCHASE
5769252,l46,X1,c5,74165,23.8,True,NOTINVOLVED_PURCHASE
5775148,l59,X0,c4,75533,9.06,True,NOTINVOLVED_PURCHASE
5777131,l27,X6,c2,78428,12.88,True,NOTINVOLVED_PURCHASE
5780235,l85,X0,c5,100592,26.28,True,NOTINVOLVED_PURCHASE
5783183,l5,X2,c1,118211,3.26,True,NOTINVOLVED_PURCHASE
5783815,l78,X4,c4,66772,9.11,True,NOTINVOLVED_PURCHASE
5786787,l16,X4,c1,46986,3.96,True,NOTINVOLVED_PURCHASE
5792552,l84,X6,c2,106707,12.75,True,NOTINVOLVED_PURCHASE
5799692,l119,X6,c1,37005,2.58,True,NOTINVOLVED_PURCHASE
5800165,A0,a0,c1,56337,2.29,True,SHADOW_PURCHASE1
5805023,l62,X6,c2,62948,4.45,True,NOTINVOLVED_PURCHASE
5809902,l108,X4,c6,107087,6.81,True,NOTINVOLVED_PURCHASE
5816205,l106,X3,c6,118663,10.08,True,NOTINVOLVED_PURCHASE
5818509,l115,X4,c2,37541,4.0,True,NOTINVOLVED_PURCHASE
5821652,l97,X3,c1,69905,2.28,True,NOTINVOLVED_PURCHASE
5822907,l155,X1,c6,57322,8.41,True,NOTINVOLVED_PURCHASE
5825613,l43,X4,c2,69337,4.47,True,NOTINVOLVED_PURCHASE
5826213,l91,X4,c6,76913,3.96,True,NOTINVOLVED_PURCHASE
5826386,l149,X3,c1,43634,2.14,True,NOTINVOLVED_PURCHASE
5831636,l143,X4,c4,50174,8.88,True,NOTINVOLVED_PURCHASE
5831723,l93,X0,c3,119653,5.77,True,NOTINVOLVED_PURCHASE
5835758,A4,X5,c4,74172,13.32,True,NORMAL_PURCHASE
5846193,A6,X0,c3,48646,4.06,True,NORMAL_PURCHASE
5846891,l49,X3,c6,107032,5.68,True,NOTINVOLVED_PURCHASE
5846976,l107,X0,c4,52793,14.62,True,NOTINVOLVED_PURCHASE
5858938,l87,X6,c5,59876,22.88,True,NOTINVOLVED_PURCHASE
5861463,l55,X3,c6,47866,8.15,True,NOTINVOLVED_PURCHASE
5864890,x4,X0,c5,104243,14.93,True,SHADOW_PURCHASE3
5865339,l132,X1,c6,43438,7.47,True,NOTINVOLVED_PURCHASE
5877258,l50,X5,c4,93920,11.18,True,NOTINVOLVED_PURCHASE
5881094,l130,X1,c6,32145,5.09,True,NOTINVOLVED_PURCHASE
5883003,l137,X2,c1,103050,3.64,True,NOTINVOLVED_PURCHASE
5886155,l51,X6,c4,80084,10.89,True,NOTINVOLVED_PURCHASE
5887699,l75,X3,c1,42417,1.99,True,NOTINVOLVED_PURCHASE
5897291,l90,X6,c1,83829,3.85,True,NOTINVOLVED_PURCHASE
5902925,l65,X3,c6,104725,4.11,True,NOTINVOLVED_PURCHASE
5903766,l134,X3,c1,57860,2.68,True,NOTINVOLVED_PURCHASE
5904074,A2,X2,c6,44411,5.3,True,NORMAL_PURCHASE
5904232,l25,X2,c6,51789,8.25,True,NOTINVOLVED_PURCHASE
5904307,l14,X3,c6,37457,10.46,True,NOTINVOLVED_PURCHASE
5915273,l10,X4,c1,75260,2.22,True,NOTINVOLVED_PURCHASE
5918863,l116,X2,c6,48623,3.88,True,NOTINVOLVED_PURCHASE
5919423,l81,X3,c1,103434,2.86,True,NOTINVOLVED_PURCHASE
5919572,l31,X1,c6,56289,9.83,True,NOTINVOLVED_PURCHASE
5920545,l35,X1,c6,63262,9.14,True,NOTINVOLVED_PURCHASE
5921455,l129,X0,c1,108686,3.26,True,NOTINVOLVED_PURCHASE
5929337,l29,X0,c4,81013,13.27,True,NOTINVOLVED_PURCHASE
5932103,l158,X6,c4,98853,16.03,True,NOTINVOLVED_PURCHASE
5934613,l30,X2,c1,48079,3.37,True,NOTINVOLVED_PURCHASE
5935521,l63,X0,c1,47465,2.42,True,NOTINVOLVED_PURCHASE
5939643,l7,X0,c3,118897,3.9,True,NOTINVOLVED_PURCHASE
5943428,l12,X0,c4,45419,5.81,True,NOTINVOLVED_PURCHASE
5946274,l4,X5,c1,94236,3.97,True,NOTINVOLVED_PURCHASE
5955479,l73,X5,c1,77728,3.44,True,NOTINVOLVED_PURCHASE
5955553,l3,X4,c4,54764,13.66,True,NOTINVOLVED_PURCHASE
5962585,l127,X4,c4,59802,10.98,True,NOTINVOLVED_PURCHASE
5966594,l15,X5,c1,63615,2.61,True,NOTINVOLVED_PURCHASE
5967101,l86,X5,c1,119264,2.08,True,NOTINVOLVED_PURCHASE
5973276,l2,X5,c4,59015,15.11,True,NOTINVOLVED_PURCHASE
5980800,l141,X1,c5,44815,6.8,True,NOTINVOLVED_PURCHASE
5989644,l122,X3,c1,53433,3.65,True,NOTINVOLVED_PURCHASE
5989930,l28,X5,c4,80210,15.0,True,NOTINVOLVED_PURCHASE
6001638,l6,X0,c5,30726,25.82,True,NOTINVOLVED_PURCHASE
6005218,l37,X6,c5,50090,13.27,True,NOTINVOLVED_PURCHASE
6006604,l109,X0,c3,38390,3.94,True,NOTINVOLVED_PURCHASE
6008442,l99,X5,c1,88042,2.18,True,NOTINVOLVED_PURCHASE
6009272,A3,X5,c1,88267,2.8,True,NORMAL_PURCHASE
6013268,l156,X1,c6,65282,10.59,True,NOTINVOLVED_PURCHASE
6014191,l18,X6,c5,85677,9.46,True,NOTINVOLVED_PURCHASE
6015595,l136,X2,c6,105405,9.94,True,NOTINVOLVED_PURCHASE
6017432,l80,X2,c5,118694,24.21,True,NOTINVOLVED_PURCHASE
6026005,l41,X5,c4,81344,11.63,True,NOTINVOLVED_PURCHASE
6030290,l77,X3,c6,68742,6.78,True,NOTINVOLVED_PURCHASE
6030446,l111,X5,c4,43527,12.5,True,NOTINVOLVED_PURCHASE
6030799,l151,X5,c4,76991,12.09,True,NOTINVOLVED_PURCHASE
6035839,l135,X1,c5,57705,20.68,True,NOTINVOLVED_PURCHASE
6038779,l95,X2,c1,112699,3.65,True,NOTINVOLVED_PURCHASE
6045152,l57,X0,c3,109312,5.0,True,NOTINVOLVED_PURCHASE
6046725,l121,X0,c5,102521,15.11,True,NOTINVOLVED_PURCHASE
6053717,l67,X5,c4,53100,5.84,True,NOTINVOLVED_PURCHASE
6054251,a0,x0,c1,56337,2.0,False,SHADOW_PURCHASE2
6054661,l53,X3,c1,110541,2.64,True,NOTINVOLVED_PURCHASE
6054983,A1,a2,c1,72354,3.69,True,SHADOW_PURCHASE1
6056937,l0,X6,c1,61145,3.34,True,NOTINVOLVED_PURCHASE
6061632,l58,X1,c5,106788,6.39,True,NOTINVOLVED_PURCHASE
6072541,l38,X4,c4,109476,10.55,True,NOTINVOLVED_PURCHASE
6079494,l102,X2,c1,37992,3.56,True,NOTINVOLVED_PURCHASE
6080125,l89,X6,c4,84211,13.1,True,NOTINVOLVED_PURCHASE
6087247,l159,X3,c6,80075,8.81,True,NOTINVOLVED_PURCHASE
6092806,l33,X2,c5,30124,20.74,True,NOTINVOLVED_PURCHASE
6104492,l145,X5,c1,102120,3.81,True,NOTINVOLVED_PURCHASE
6122936,l23,X3,c6,65037,6.14,True,NOTINVOLVED_PURCHASE
6123849,l94,X1,c6,30120,4.52,True,NOTINVOLVED_PURCHASE
6124980,l105,X3,c6,87838,3.25,True,NOTINVOLVED_PURCHASE
6144474,l112,X0,c3,86858,4.67,True,NOTINVOLVED_PURCHASE
6147815,l128,X6,c4,87273,12.07,True,NOTINVOLVED_PURCHASE
6150595,l144,X4,c2,31726,7.62,True,NOTINVOLVED_PURCHASE
6155047,l140,X3,c1,47379,3.49,True,NOTINVOLVED_PURCHASE
6162613,l22,X1,c6,98639,5.37,True,NOTINVOLVED_PURCHASE
6181528,l56,X3,c1,45235,2.18,True,NOTINVOLVED_PURCHASE
6185229,l68,X6,c5,78499,7.35,True,NOTINVOLVED_PURCHASE
6194079,l125,X3,c1,78826,2.72,True,NOTINVOLVED_PURCHASE
6200760,l126,X4,c1,52979,3.26,True,NOTINVOLVED_PURCHASE
6203156,l74,X5,c1,59265,2.55,True,NOTINVOLVED_PURCHASE
6213425,l76,X5,c4,61690,8.19,True,NOTINVOLVED_PURCHASE
6221343,l117,X5,c1,85070,2.68,True,NOTINVOLVED_PURCHASE
6260373,A7,a5,c4,62836,7.25,True,SHADOW_PURCHASE1
6272418,l21,X5,c4,99694,5.16,True,NOTINVOLVED_PURCHASE
6282671,l26,X4,c1,91688,3.13,True,NOTINVOLVED_PURCHASE
6283719,l54,X6,c5,35727,23.71,True,NOTINVOLVED_PURCHASE
6284137,l157,X6,c2,95970,3.98,True,NOTINVOLVED_PURCHASE
6284511,l153,X2,c1,50712,2.01,True,NOTINVOLVED_PURCHASE
6286916,l92,X4,c6,36650,2.9,True,NOTINVOLVED_PURCHASE
6288353,l47,X5,c4,44195,13.51,True,NOTINVOLVED_PURCHASE
6301100,x0,X6,c1,56337,1.32,True,SHADOW_PURCHASE3
6316551,a2,x4,c1,72354,2.7,False,SHADOW_PURCHASE2
6317451,l83,X3,c1,108654,2.73,True,NOTINVOLVED_PURCHASE
6329531,l19,X0,c4,70951,9.28,True,NOTINVOLVED_PURCHASE
6336944,l13,X5,c4,37023,16.01,True,NOTINVOLVED_PURCHASE
6350497,l17,X2,c1,54654,3.23,True,NOTINVOLVED_PURCHASE
6366240,l32,X0,c1,78891,3.25,True,NOTINVOLVED_PURCHASE
6395792,l148,X4,c6,111399,4.22,True,NOTINVOLVED_PURCHASE
6399948,l96,X0,c3,41756,2.72,True,NOTINVOLVED_PURCHASE
6405106,l152,X5,c1,96845,3.24,True,NOTINVOLVED_PURCHASE
6483976,l71,X1,c6,60363,4.85,True,NOTINVOLVED_PURCHASE
6484076,l79,X4,c6,51541,7.53,True,NOTINVOLVED_PURCHASE
6499361,a5,x4,c4,62836,4.85,False,SHADOW_PURCHASE2
6510835,l40,X2,c5,73652,26.11,True,NOTINVOLVED_PURCHASE
6556283,x4,X6,c1,72354,1.08,True,SHADOW_PURCHASE3
6746372,x4,X5,c4,62836,3.03,True,SHADOW_PURCHASE3
7762025,l69,X6,c4,119015,14.94,True,NOTINVOLVED_PURCHASE
7809124,l11,X3,c1,61301,1.99,True,NOTINVOLVED_PURCHASE
7940270,l24,X2,c6,67146,9.81,True,NOTINVOLVED_PURCHASE
8006104,l36,X0,c1,46428,2.64,True,NOTINVOLVED_PURCHASE
8014766,l100,X6,c1,37015,3.91,True,NOTINVOLVED_PURCHASE
8018182,l114,X5,c4,63911,15.86,True,NOTINVOLVED_PURCHASE
8060619,l101,X3,c6,89061,4.02,True,NOTINVOLVED_PURCHASE
8088141,l98,X1,c6,67217,6.19,True,NOTINVOLVED_PURCHASE
8122643,l1,X3,c6,101225,3.37,True,NOTINVOLVED_PURCHASE
8135064,l150,X1,c5,108641,6.31,True,NOTINVOLVED_PURCHASE
8139014,A5,a5,c5,58195,27.57,True,SHADOW_PURCHASE1
8152390,l123,X1,c5,38846,13.63,True,NOTINVOLVED_PURCHASE
8153347,l154,X5,c1,83926,3.56,True,NOTINVOLVED_PURCHASE
8161581,l44,X1,c6,75894,4.9,True,NOTINVOLVED_PURCHASE
8183840,l113,X5,c4,115460,4.94,True,NOTINVOLVED_PURCHASE
8188804,l138,X0,c1,113406,2.14,True,NOTINVOLVED_PURCHASE
8194278,l42,X5,c1,45672,2.2,True,NOTINVOLVED_PURCHASE
8212395,l133,X3,c1,112731,2.82,True,NOTINVOLVED_PURCHASE
8218078,l20,X4,c1,54873,2.13,True,NOTINVOLVED_PURCHASE
8219144,l49,X4,c4,99747,10.36,True,NOTINVOLVED_PURCHASE
8220455,l59,X0,c3,75685,5.95,True,NOTINVOLVED_PURCHASE
8230910,l88,X3,c6,45663,6.71,True,NOTINVOLVED_PURCHASE
8235298,l8,X5,c1,64435,2.59,True,NOTINVOLVED_PURCHASE
8239272,l39,X6,c2,48796,5.76,True,NOTINVOLVED_PURCHASE
8241312,l64,X1,c5,100394,18.19,True,NOTINVOLVED_PURCHASE
8243588,l91,X2,c5,67123,27.59,True,NOTINVOLVED_PURCHASE
8250296,l61,X4,c6,109274,6.92,True,NOTINVOLVED_PURCHASE
8251627,l147,X2,c5,74876,7.33,True,NOTINVOLVED_PURCHASE
8269367,l72,X6,c2,118677,7.27,True,NOTINVOLVED_PURCHASE
8273851,l143,X6,c1,106766,2.25,True,NOTINVOLVED_PURCHASE
8279360,l85,X5,c4,71712,13.18,True,NOTINVOLVED_PURCHASE
8280589,l103,X4,c6,62934,7.29,True,NOTINVOLVED_PURCHASE
8280914,l142,X5,c1,80635,2.51,True,NOTINVOLVED_PURCHASE
8281542,l48,X4,c6,50045,5.8,True,NOTINVOLVED_PURCHASE
8287254,l50,X5,c4,118388,11.97,True,NOTINVOLVED_PURCHASE
8295240,l34,X6,c4,51864,14.46,True,NOTINVOLVED_PURCHASE
8300226,l66,X3,c1,110863,3.94,True,NOTINVOLVED_PURCHASE
8305212,l55,X0,c5,54994,17.32,True,NOTINVOLVED_PURCHASE
8312810,l31,X5,c1,107073,2.37,True,NOTINVOLVED_PURCHASE
8313411,l134,X1,c6,77725,10.34,True,NOTINVOLVED_PURCHASE
8316592,l155,X1,c5,58362,9.25,True,NOTINVOLVED_PURCHASE
8318813,l124,X1,c6,68715,5.53,True,NOTINVOLVED_PURCHASE
8319801,l139,X4,c6,45204,9.18,True,NOTINVOLVED_PURCHASE
8328899,l70,X6,c1,74744,2.25,True,NOTINVOLVED_PURCHASE
8335731,l104,X5,c4,110926,14.12,True,NOTINVOLVED_PURCHASE
8345355,A2,a3,c3,81696,3.36,True,SHADOW_PURCHASE1
8364915,l146,X5,c4,36880,5.76,True,NOTINVOLVED_PURCHASE
8366937,A6,X3,c6,54988,7.71,True,NORMAL_PURCHASE
8367964,l45,X0,c4,47370,11.7,True,NOTINVOLVED_PURCHASE
8370787,l132,X6,c2,78952,4.45,True,NOTINVOLVED_PURCHASE
8393031,l82,X1,c6,59186,6.37,True,NOTINVOLVED_PURCHASE
8404657,a5,x4,c5,58195,27.49,False,SHADOW_PURCHASE2
8407468,l4,X5,c4,93637,12.91,True,NOTINVOLVED_PURCHASE
8407698,l115,X1,c5,83599,24.05,True,NOTINVOLVED_PURCHASE
8410512,l95,X3,c6,73595,7.75,True,NOTINVOLVED_PURCHASE
8416712,l3,X6,c5,116352,19.91,True,NOTINVOLVED_PURCHASE
8425090,l2,X6,c2,64712,7.14,True,NOTINVOLVED_PURCHASE
8428600,l63,X2,c6,65869,7.31,True,NOTINVOLVED_PURCHASE
8429373,l84,X3,c1,64601,3.05,True,NOTINVOLVED_PURCHASE
8443355,l121,X0,c3,93534,5.22,True,NOTINVOLVED_PURCHASE
8448074,l38,X6,c2,89770,7.11,True,NOTINVOLVED_PURCHASE
8449311,l110,X2,c6,35709,8.51,True,NOTINVOLVED_PURCHASE
8450578,l81,X2,c5,111339,11.82,True,NOTINVOLVED_PURCHASE
8456812,l102,X3,c6,105208,7.13,True,NOTINVOLVED_PURCHASE
8457704,l120,X4,c6,77017,7.29,True,NOTINVOLVED_PURCHASE
8458006,l107,X3,c1,45938,2.43,True,NOTINVOLVED_PURCHASE
8459724,l149,X3,c6,47338,5.76,True,NOTINVOLVED_PURCHASE
8460872,l97,X3,c1,79161,2.82,True,NOTINVOLVED_PURCHASE
8462834,A3,X0,c1,104114,2.3,True,NORMAL_PURCHASE
8463934,l5,X3,c6,75866,4.62,True,NOTINVOLVED_PURCHASE
8466808,l129,X1,c6,61353,10.24,True,NOTINVOLVED_PURCHASE
8472870,l41,X5,c4,32683,5.36,True,NOTINVOLVED_PURCHASE
8475011,l9,X1,c6,81960,8.35,True,NOTINVOLVED_PURCHASE
8480540,l67,X3,c6,57057,5.83,True,NOTINVOLVED_PURCHASE
8482117,l75,X2,c5,46080,22.02,True,NOTINVOLVED_PURCHASE
8485345,l52,X6,c5,74857,14.61,True,NOTINVOLVED_PURCHASE
8487794,l116,X6,c4,91833,12.14,True,NOTINVOLVED_PURCHASE
8490093,l111,X2,c5,36633,21.29,True,NOTINVOLVED_PURCHASE
8499388,l86,X5,c4,55787,15.0,True,NOTINVOLVED_PURCHASE
8508141,l51,X6,c1,46489,2.04,True,NOTINVOLVED_PURCHASE
8509021,l73,X0,c4,85076,13.32,True,NOTINVOLVED_PURCHASE
8516872,l93,X2,c1,91813,2.48,True,NOTINVOLVED_PURCHASE
8520059,A1,a2,c2,44508,11.98,True,SHADOW_PURCHASE1
8521268,l108,X0,c3,107547,5.18,True,NOTINVOLVED_PURCHASE
8522853,l158,X1,c5,85023,28.22,True,NOTINVOLVED_PURCHASE
8524356,l60,X1,c5,109211,9.49,True,NOTINVOLVED_PURCHASE
8525295,l141,X2,c6,76978,8.17,True,NOTINVOLVED_PURCHASE
8525459,l131,X2,c6,73875,3.82,True,NOTINVOLVED_PURCHASE
8527621,l53,X6,c5,67650,25.49,True,NOTINVOLVED_PURCHASE
8532608,l137,X2,c1,115508,3.79,True,NOTINVOLVED_PURCHASE
8533201,l89,X4,c4,78661,11.25,True,NOTINVOLVED_PURCHASE
8535314,l65,X6,c5,105524,27.44,True,NOTINVOLVED_PURCHASE
8542233,l90,X6,c5,56516,20.53,True,NOTINVOLVED_PURCHASE
8544482,l29,X2,c1,66161,2.67,True,NOTINVOLVED_PURCHASE
8546956,l156,X3,c1,30917,2.72,True,NOTINVOLVED_PURCHASE
8552206,l14,X2,c5,80396,26.06,True,NOTINVOLVED_PURCHASE
8554283,l118,X3,c6,94611,6.56,True,NOTINVOLVED_PURCHASE
8554510,l25,X0,c1,64065,3.15,True,NOTINVOLVED_PURCHASE
8558625,l119,X4,c6,86041,9.48,True,NOTINVOLVED_PURCHASE
8564100,l159,X5,c1,93943,2.04,True,NOTINVOLVED_PURCHASE
8564217,l28,X2,c6,78690,10.0,True,NOTINVOLVED_PURCHASE
8582485,A0,X6,c5,64493,27.19,True,NORMAL_PURCHASE
8583694,l16,X4,c2,60701,6.76,True,NOTINVOLVED_PURCHASE
8585274,l78,X6,c1,30856,2.52,True,NOTINVOLVED_PURCHASE
8590724,l62,X0,c3,39510,2.69,True,NOTINVOLVED_PURCHASE
8592813,l27,X3,c6,103164,5.36,True,NOTINVOLVED_PURCHASE
8599499,l144,X4,c1,93793,3.55,True,NOTINVOLVED_PURCHASE
8609458,a3,x4,c3,81696,2.17,False,SHADOW_PURCHASE2
8614292,l46,X5,c4,66153,14.18,True,NOTINVOLVED_PURCHASE
8619515,l145,X5,c4,66850,16.02,True,NOTINVOLVED_PURCHASE
8627956,l12,X6,c4,38090,13.93,True,NOTINVOLVED_PURCHASE
8633588,l7,X5,c4,111675,9.84,True,NOTINVOLVED_PURCHASE
8639628,l130,X4,c4,117372,7.07,True,NOTINVOLVED_PURCHASE
8640027,l30,X5,c4,44972,10.18,True,NOTINVOLVED_PURCHASE
8650895,l35,X0,c4,103138,4.81,True,NOTINVOLVED_PURCHASE
8654177,l23,X0,c5,46066,18.1,True,NOTINVOLVED_PURCHASE
8656703,x4,X6,c5,58195,19.52,True,SHADOW_PURCHASE3
8664500,l6,X2,c5,32008,8.88,True,NOTINVOLVED_PURCHASE
8667344,l94,X5,c4,67294,9.41,True,NOTINVOLVED_PURCHASE
8675879,l106,X0,c4,118466,12.27,True,NOTINVOLVED_PURCHASE
8679147,l26,X1,c6,106798,9.68,True,NOTINVOLVED_PURCHASE
8707551,l87,X3,c6,96893,7.63,True,NOTINVOLVED_PURCHASE
8712061,l43,X3,c6,42682,4.8,True,NOTINVOLVED_PURCHASE
8712489,l10,X1,c5,80495,16.39,True,NOTINVOLVED_PURCHASE
8713385,A4,a2,c2,87315,11.83,True,SHADOW_PURCHASE1
8720576,l80,X0,c4,56183,10.8,True,NOTINVOLVED_PURCHASE
8724232,l68,X0,c1,84528,3.62,True,NOTINVOLVED_PURCHASE
8730607,l76,X2,c6,50750,4.16,True,NOTINVOLVED_PURCHASE
8741876,l56,X3,c6,111234,9.11,True,NOTINVOLVED_PURCHASE
8744409,l22,X1,c5,62131,16.83,True,NOTINVOLVED_PURCHASE
8747103,l122,X2,c6,86517,4.08,True,NOTINVOLVED_PURCHASE
8747414,l125,X4,c2,78743,9.09,True,NOTINVOLVED_PURCHASE
8749673,l58,X5,c1,72216,3.25,True,NOTINVOLVED_PURCHASE
8758456,l99,X5,c1,38971,3.54,True,NOTINVOLVED_PURCHASE
8761415,l57,X4,c4,101083,5.04,True,NOTINVOLVED_PURCHASE
8782862,l136,X6,c1,67797,3.03,True,NOTINVOLVED_PURCHASE
8785144,l127,X4,c2,81201,9.45,True,NOTINVOLVED_PURCHASE
8790607,l109,X1,c5,89399,18.41,True,NOTINVOLVED_PURCHASE
8799293,a2,x5,c2,44508,8.54,False,SHADOW_PURCHASE2
8805121,l92,X3,c6,83939,8.05,True,NOTINVOLVED_PURCHASE
8807519,l128,X2,c6,71255,4.48,True,NOTINVOLVED_PURCHASE
8811196,l126,X4,c6,43069,6.03,True,NOTINVOLVED_PURCHASE
8816261,l0,X6,c5,107213,14.88,True,NOTINVOLVED_PURCHASE
8819949,l135,X6,c2,73904,6.93,True,NOTINVOLVED_PURCHASE
8824101,l77,X4,c4,53071,5.71,True,NOTINVOLVED_PURCHASE
8827440,l112,X0,c3,44104,3.39,True,NOTINVOLVED_PURCHASE
8830302,l18,X2,c5,68692,17.26,True,NOTINVOLVED_PURCHASE
8831880,l157,X4,c2,38002,11.3,True,NOTINVOLVED_PURCHASE
8842062,l37,X1,c6,104683,5.52,True,NOTINVOLVED_PURCHASE
8846708,l15,X6,c4,46818,5.56,True,NOTINVOLVED_PURCHASE
8856037,l21,X5,c4,49679,13.5,True,NOTINVOLVED_PURCHASE
8872859,A7,a2,c1,96529,3.93,True,SHADOW_PURCHASE1
8880791,x4,X0,c3,81696,1.25,True,SHADOW_PURCHASE3
8883959,l33,X4,c1,82537,2.22,True,NOTINVOLVED_PURCHASE
8884731,l148,X0,c5,56182,16.48,True,NOTINVOLVED_PURCHASE
8885356,l117,X4,c2,52401,4.79,True,NOTINVOLVED_PURCHASE
8903605,l151,X1,c6,94393,3.91,True,NOTINVOLVED_PURCHASE
8907247,l140,X5,c1,48688,2.99,True,NOTINVOLVED_PURCHASE
8908385,l79,X5,c4,86501,8.58,True,NOTINVOLVED_PURCHASE
8936426,l105,X3,c6,51245,4.32,True,NOTINVOLVED_PURCHASE
8952499,l54,X6,c2,64210,11.66,True,NOTINVOLVED_PURCHASE
8963261,a2,x4,c2,87315,6.55,False,SHADOW_PURCHASE2
8968148,l32,X0,c4,93253,13.44,True,NOTINVOLVED_PURCHASE
8969196,l47,X5,c1,48789,2.45,True,NOTINVOLVED_PURCHASE
8991238,l74,X1,c5,35364,12.19,True,NOTINVOLVED_PURCHASE
8994088,l13,X5,c1,84079,3.44,True,NOTINVOLVED_PURCHASE
9045515,l152,X5,c4,63230,14.84,True,NOTINVOLVED_PURCHASE
9048797,l40,X5,c1,99132,3.93,True,NOTINVOLVED_PURCHASE
9058010,x5,X4,c2,44508,3.76,True,SHADOW_PURCHASE3
9065254,l19,X1,c5,63798,9.98,True,NOTINVOLVED_PURCHASE
9096317,l83,X6,c2,104346,11.04,True,NOTINVOLVED_PURCHASE
9128093,l153,X2,c1,79864,2.6,True,NOTINVOLVED_PURCHASE
9128644,l17,X3,c6,101386,2.77,True,NOTINVOLVED_PURCHASE
9135780,l96,X4,c2,56390,4.47,True,NOTINVOLVED_PURCHASE
9143193,a2,x4,c1,96529,2.62,False,SHADOW_PURCHASE2
9198451,x4,X6,c2,87315,4.71,True,SHADOW_PURCHASE3
9213687,l71,X4,c6,62263,3.91,True,NOTINVOLVED_PURCHASE
9376963,x4,X2,c1,96529,1.16,True,SHADOW_PURCHASE3
10294382,l69,X6,c1,74426,3.86,True,NOTINVOLVED_PURCHASE
10312147,l11,X2,c6,45404,6.58,True,NOTINVOLVED_PURCHASE
10460988,l100,X1,c6,56036,4.52,True,NOTINVOLVED_PURCHASE
10579508,l42,X4,c1,72524,3.13,True,NOTINVOLVED_PURCHASE
10598126,l114,X3,c6,99942,9.09,True,NOTINVOLVED_PURCHASE
10612198,l24,X3,c6,73139,6.95,True,NOTINVOLVED_PURCHASE
10619860,l98,X5,c4,96587,12.94,True,NOTINVOLVED_PURCHASE
10625666,l36,X3,c1,83691,3.28,True,NOTINVOLVED_PURCHASE
10636269,l123,X6,c4,92990,8.13,True,NOTINVOLVED_PURCHASE
10649621,l103,X5,c4,66444,4.74,True,NOTINVOLVED_PURCHASE
10680808,l143,X6,c4,105493,12.28,True,NOTINVOLVED_PURCHASE
10692500,l64,X6,c1,65892,2.84,True,NOTINVOLVED_PURCHASE
10694231,A5,X4,c2,99412,9.83,True,NORMAL_PURCHASE
10697042,l91,X4,c6,100076,4.23,True,NOTINVOLVED_PURCHASE
10698681,l55,X5,c1,112952,3.51,True,NOTINVOLVED_PURCHASE
10717400,l66,X6,c1,72584,3.52,True,NOTINVOLVED_PURCHASE
10717565,l1,X4,c2,70175,11.7,True,NOTINVOLVED_PURCHASE
10727224,l85,X0,c5,86093,21.25,True,NOTINVOLVED_PURCHASE
10777563,l101,X4,c6,107477,3.38,True,NOTINVOLVED_PURCHASE
10778618,l4,X2,c1,111406,3.84,True,NOTINVOLVED_PURCHASE
10788855,l45,X1,c6,76591,9.49,True,NOTINVOLVED_PURCHASE
10796921,l146,X2,c5,62972,9.8,True,NOTINVOLVED_PURCHASE
10799037,l104,X5,c1,70278,2.17,True,NOTINVOLVED_PURCHASE
10802882,l39,X6,c5,69353,12.43,True,NOTINVOLVED_PURCHASE
10808439,l84,X4,c6,42373,9.82,True,NOTINVOLVED_PURCHASE
10823730,l139,X3,c6,73372,7.2,True,NOTINVOLVED_PURCHASE
10829028,l72,X2,c6,85920,3.35,True,NOTINVOLVED_PURCHASE
10833667,l3,X1,c5,30178,6.27,True,NOTINVOLVED_PURCHASE
10838603,l82,X0,c1,115660,2.34,True,NOTINVOLVED_PURCHASE
10848139,l44,X1,c5,58797,24.98,True,NOTINVOLVED_PURCHASE
10848366,l81,X4,c1,78654,3.38,True,NOTINVOLVED_PURCHASE
10854878,l20,X4,c2,104440,12.77,True,NOTINVOLVED_PURCHASE
10858720,l97,X1,c6,95888,3.57,True,NOTINVOLVED_PURCHASE
10860892,l48,X2,c5,50218,23.85,True,NOTINVOLVED_PURCHASE
10867368,l154,X4,c2,109317,5.9,True,NOTINVOLVED_PURCHASE
10874087,l49,X6,c1,67913,3.02,True,NOTINVOLVED_PURCHASE
10893918,A3,X5,c4,46805,14.67,True,NORMAL_PURCHASE
10894846,l142,X5,c1,113584,3.38,True,NOTINVOLVED_PURCHASE
10900774,l132,X1,c5,101200,24.63,True,NOTINVOLVED_PURCHASE
10909036,l88,X4,c1,48990,3.24,True,NOTINVOLVED_PURCHASE
10914497,l67,X2,c6,104290,9.57,True,NOTINVOLVED_PURCHASE
10924063,l149,X6,c5,100633,10.85,True,NOTINVOLVED_PURCHASE
10925263,l52,X1,c6,119479,9.31,True,NOTINVOLVED_PURCHASE
10929094,l50,X4,c4,99569,7.51,True,NOTINVOLVED_PURCHASE
10935680,l147,X0,c1,100475,2.68,True,NOTINVOLVED_PURCHASE
10956010,l108,X2,c6,102108,6.79,True,NOTINVOLVED_PURCHASE
10966271,l14,X0,c1,65178,2.75,True,NOTINVOLVED_PURCHASE
10968891,l113,X4,c1,34867,2.87,True,NOTINVOLVED_PURCHASE
10972305,l89,X5,c1,77336,3.47,True,NOTINVOLVED_PURCHASE
10977728,A2,X2,c1,101109,3.78,True,NORMAL_PURCHASE
10982680,l25,X0,c1,39612,2.93,True,NOTINVOLVED_PURCHASE
10992687,l61,X2,c1,56942,2.83,True,NOTINVOLVED_PURCHASE
11009926,l73,X5,c1,46984,2.46,True,NOTINVOLVED_PURCHASE
11011117,l150,X1,c6,111095,5.33,True,NOTINVOLVED_PURCHASE
11012596,l124,X3,c6,61306,10.19,True,NOTINVOLVED_PURCHASE
11016970,l95,X0,c4,117629,11.11,True,NOTINVOLVED_PURCHASE
11020121,l70,X6,c1,118800,3.74,True,NOTINVOLVED_PURCHASE
11025151,l38,X0,c1,92262,3.28,True,NOTINVOLVED_PURCHASE
11026446,l116,X3,c6,34874,3.92,True,NOTINVOLVED_PURCHASE
11027680,l28,X2,c5,89331,25.0,True,NOTINVOLVED_PURCHASE
11040310,l102,X0,c4,81615,10.53,True,NOTINVOLVED_PURCHASE
11046727,l156,X4,c2,95094,10.23,True,NOTINVOLVED_PURCHASE
11046980,l130,X5,c1,114674,2.85,True,NOTINVOLVED_PURCHASE
11048183,l34,X4,c6,38072,7.72,True,NOTINVOLVED_PURCHASE
11048716,l60,X0,c3,32123,5.4,True,NOTINVOLVED_PURCHASE
11048726,l27,X1,c5,103515,22.67,True,NOTINVOLVED_PURCHASE
11049124,l46,X4,c2,101185,8.31,True,NOTINVOLVED_PURCHASE
11050054,l138,X6,c1,34894,3.54,True,NOTINVOLVED_PURCHASE
11056433,l65,X4,c1,98629,3.16,True,NOTINVOLVED_PURCHASE
11059568,l86,X4,c6,96625,8.03,True,NOTINVOLVED_PURCHASE
11060472,l137,X0,c1,103929,3.2,True,NOTINVOLVED_PURCHASE
11069830,l141,X1,c6,78102,10.51,True,NOTINVOLVED_PURCHASE
11070883,l93,X2,c6,110971,8.64,True,NOTINVOLVED_PURCHASE
11073523,l6,X6,c5,110016,8.72,True,NOTINVOLVED_PURCHASE
11078857,l133,X3,c6,107528,7.65,True,NOTINVOLVED_PURCHASE
11079042,l59,X0,c4,85662,11.89,True,NOTINVOLVED_PURCHASE
11094575,l129,X3,c6,51200,9.47,True,NOTINVOLVED_PURCHASE
11095058,l31,X4,c1,56339,2.92,True,NOTINVOLVED_PURCHASE
11097092,l145,X5,c4,71140,13.8,True,NOTINVOLVED_PURCHASE
11108630,l8,X6,c4,71793,5.17,True,NOTINVOLVED_PURCHASE
11112320,l53,X6,c1,70294,3.75,True,NOTINVOLVED_PURCHASE
11114871,l76,X2,c5,115040,14.3,True,NOTINVOLVED_PURCHASE
11141160,l115,X4,c4,91026,14.19,True,NOTINVOLVED_PURCHASE
11154119,l107,X0,c1,33236,2.54,True,NOTINVOLVED_PURCHASE
11159270,l75,X1,c6,63749,9.09,True,NOTINVOLVED_PURCHASE
11159850,l58,X1,c6,107542,8.42,True,NOTINVOLVED_PURCHASE
11169178,l134,X5,c1,117227,2.22,True,NOTINVOLVED_PURCHASE
11170450,A6,a5,c5,44786,14.33,True,SHADOW_PURCHASE1
11171954,l111,X5,c1,45251,2.72,True,NOTINVOLVED_PURCHASE
11174641,l57,X0,c3,119802,4.11,True,NOTINVOLVED_PURCHASE
11174690,l2,X6,c1,83087,2.87,True,NOTINVOLVED_PURCHASE
11175884,A1,a4,c4,80408,9.02,True,SHADOW_PURCHASE1
11176879,l87,X6,c1,67627,3.76,True,NOTINVOLVED_PURCHASE
11181766,l155,X6,c1,111668,2.98,True,NOTINVOLVED_PURCHASE
11206643,l127,X4,c6,80728,4.83,True,NOTINVOLVED_PURCHASE
11214667,l51,X6,c1,93267,2.31,True,NOTINVOLVED_PURCHASE
11219395,l29,X2,c5,53758,22.36,True,NOTINVOLVED_PURCHASE
11227967,l121,X3,c6,78945,9.01,True,NOTINVOLVED_PURCHASE
11232910,l120,X3,c1,104791,2.33,True,NOTINVOLVED_PURCHASE
11235429,l30,X5,c1,97894,2.0,True,NOTINVOLVED_PURCHASE
11236443,l56,X2,c5,116002,18.09,True,NOTINVOLVED_PURCHASE
11241282,A7,X1,c6,64485,8.0,True,NORMAL_PURCHASE
11249145,l63,X6,c4,99010,12.44,True,NOTINVOLVED_PURCHASE
11259683,l92,X4,c1,71794,3.17,True,NOTINVOLVED_PURCHASE
11263503,l122,X3,c1,99443,3.64,True,NOTINVOLVED_PURCHASE
11265161,l159,X0,c1,34876,2.01,True,NOTINVOLVED_PURCHASE
11270991,l119,X6,c5,113642,21.36,True,NOTINVOLVED_PURCHASE
11273702,l62,X2,c1,111608,3.89,True,NOTINVOLVED_PURCHASE
11274821,l117,X1,c6,111649,6.22,True,NOTINVOLVED_PURCHASE
11276038,l26,X1,c5,32627,27.76,True,NOTINVOLVED_PURCHASE
11279305,l110,X2,c1,51042,3.96,True,NOTINVOLVED_PURCHASE
11284293,l80,X3,c1,102637,3.72,True,NOTINVOLVED_PURCHASE
11292377,l118,X3,c1,106258,3.36,True,NOTINVOLVED_PURCHASE
11293614,l43,X4,c2,71176,7.65,True,NOTINVOLVED_PURCHASE
11293824,l136,X2,c5,41690,8.83,True,NOTINVOLVED_PURCHASE
11296736,l94,X5,c1,63284,3.37,True,NOTINVOLVED_PURCHASE
11308137,l5,X2,c6,91728,9.69,True,NOTINVOLVED_PURCHASE
11324599,l106,X2,c6,83702,8.21,True,NOTINVOLVED_PURCHASE
11341958,l9,X3,c6,52233,3.43,True,NOTINVOLVED_PURCHASE
11345610,l151,X2,c6,53437,6.06,True,NOTINVOLVED_PURCHASE
11346267,l157,X6,c4,43589,6.26,True,NOTINVOLVED_PURCHASE
11358718,A0,X4,c1,59174,2.0,True,NORMAL_PURCHASE
11360488,l41,X3,c1,38128,2.57,True,NOTINVOLVED_PURCHASE
11362146,l109,X0,c3,96518,3.51,True,NOTINVOLVED_PURCHASE
11364809,l144,X0,c3,41797,3.49,True,NOTINVOLVED_PURCHASE
11364857,l78,X3,c6,70127,5.17,True,NOTINVOLVED_PURCHASE
11373565,l12,X1,c6,42893,5.13,True,NOTINVOLVED_PURCHASE
11376696,l158,X6,c4,61160,5.46,True,NOTINVOLVED_PURCHASE
11380996,l23,X3,c6,51072,9.46,True,NOTINVOLVED_PURCHASE
11381185,l16,X5,c4,111975,12.89,True,NOTINVOLVED_PURCHASE
11381379,l112,X1,c5,88857,22.45,True,NOTINVOLVED_PURCHASE
11386734,l135,X2,c6,36658,3.8,True,NOTINVOLVED_PURCHASE
11393582,l131,X6,c2,87557,7.17,True,NOTINVOLVED_PURCHASE
11399985,l90,X5,c1,90371,2.43,True,NOTINVOLVED_PURCHASE
11406087,l68,X6,c1,98269,2.7,True,NOTINVOLVED_PURCHASE
11417153,a5,x1,c5,44786,5.61,False,SHADOW_PURCHASE2
11417981,l35,X5,c4,41622,14.5,True,NOTINVOLVED_PURCHASE
11432573,l99,X2,c1,109224,3.19,True,NOTINVOLVED_PURCHASE
11443912,l140,X1,c6,46711,9.47,True,NOTINVOLVED_PURCHASE
11446562,l7,X5,c1,93935,3.79,True,NOTINVOLVED_PURCHASE
11450452,a4,x5,c4,80408,4.53,False,SHADOW_PURCHASE2
11463074,l10,X4,c1,69721,3.78,True,NOTINVOLVED_PURCHASE
11465741,l54,X3,c1,35825,2.43,True,NOTINVOLVED_PURCHASE
11473359,l40,X0,c1,42624,2.94,True,NOTINVOLVED_PURCHASE
11494616,A4,X6,c1,88697,2.29,True,NORMAL_PURCHASE
11525665,l15,X0,c4,51604,9.92,True,NOTINVOLVED_PURCHASE
11536290,l148,X4,c2,109752,12.82,True,NOTINVOLVED_PURCHASE
11569169,l32,X0,c1,67221,3.47,True,NOTINVOLVED_PURCHASE
11578060,l83,X6,c2,98931,12.49,True,NOTINVOLVED_PURCHASE
11614871,l74,X1,c6,68037,3.31,True,NOTINVOLVED_PURCHASE
11623004,l125,X6,c5,92154,6.7,True,NOTINVOLVED_PURCHASE
11627349,l22,X6,c5,53055,22.45,True,NOTINVOLVED_PURCHASE
11630092,l126,X3,c1,36373,2.59,True,NOTINVOLVED_PURCHASE
11641864,l153,X0,c3,72061,3.04,True,NOTINVOLVED_PURCHASE
11643435,l0,X4,c6,102768,3.62,True,NOTINVOLVED_PURCHASE
11653496,l18,X6,c5,78955,19.02,True,NOTINVOLVED_PURCHASE
11654756,l37,X4,c2,37564,7.17,True,NOTINVOLVED_PURCHASE
11667644,l33,X5,c1,42089,2.0,True,NOTINVOLVED_PURCHASE
11678570,x1,X6,c5,44786,2.01,True,SHADOW_PURCHASE3
11685360,x5,X4,c4,80408,2.2,True,SHADOW_PURCHASE3
11688122,l77,X3,c6,89128,5.13,True,NOTINVOLVED_PURCHASE
11689593,l128,X6,c4,67237,16.33,True,NOTINVOLVED_PURCHASE
11709244,l47,X3,c6,47095,8.69,True,NOTINVOLVED_PURCHASE
11711687,l21,X6,c4,51309,10.68,True,NOTINVOLVED_PURCHASE
11724937,l19,X2,c6,69800,6.63,True,NOTINVOLVED_PURCHASE
11736421,l105,X0,c5,68103,11.63,True,NOTINVOLVED_PURCHASE
11741774,l13,X5,c4,80124,11.78,True,NOTINVOLVED_PURCHASE
11757056,l17,X6,c2,113016,10.46,True,NOTINVOLVED_PURCHASE
11758845,l79,X1,c6,93390,3.34,True,NOTINVOLVED_PURCHASE
11812861,l152,X4,c1,39959,2.25,True,NOTINVOLVED_PURCHASE
11875326,l71,X4,c6,96450,3.44,True,NOTINVOLVED_PURCHASE
11921409,l96,X5,c1,72422,3.47,True,NOTINVOLVED_PURCHASE
12831508,l11,X3,c1,65237,2.21,True,NOTINVOLVED_PURCHASE
12851492,l69,X4,c6,56715,4.86,True,NOTINVOLVED_PURCHASE
13061877,A5,a4,c5,68726,7.87,True,SHADOW_PURCHASE1
13161137,l45,X1,c6,106773,6.63,True,NOTINVOLVED_PURCHASE
13181171,l24,X1,c5,101654,26.11,True,NOTINVOLVED_PURCHASE
13192898,l139,X4,c2,41492,10.1,True,NOTINVOLVED_PURCHASE
13193699,l114,X4,c2,58412,10.23,True,NOTINVOLVED_PURCHASE
13227279,l36,X0,c3,56804,4.08,True,NOTINVOLVED_PURCHASE
13259519,l101,X6,c2,98963,9.21,True,NOTINVOLVED_PURCHASE
13318307,a4,x4,c5,68726,6.69,False,SHADOW_PURCHASE2
13329686,l64,X6,c5,111450,25.63,True,NOTINVOLVED_PURCHASE
13336615,l14,X3,c6,83388,8.82,True,NOTINVOLVED_PURCHASE
13344505,l48,X2,c5,76610,18.45,True,NOTINVOLVED_PURCHASE
13351567,l25,X0,c4,93473,7.67,True,NOTINVOLVED_PURCHASE
13352480,l100,X1,c5,79332,19.66,True,NOTINVOLVED_PURCHASE
13358621,l72,X5,c1,73980,2.67,True,NOTINVOLVED_PURCHASE
13372682,l44,X2,c6,90152,5.76,True,NOTINVOLVED_PURCHASE
13397401,l149,X2,c5,91698,14.32,True,NOTINVOLVED_PURCHASE
13419130,l67,X2,c5,57119,9.0,True,NOTINVOLVED_PURCHASE
13427000,l42,X2,c5,70728,12.44,True,NOTINVOLVED_PURCHASE
13437716,l66,X6,c5,117202,7.62,True,NOTINVOLVED_PURCHASE
13440722,l154,X3,c6,75112,5.94,True,NOTINVOLVED_PURCHASE
13448633,l52,X2,c1,64555,3.7,True,NOTINVOLVED_PURCHASE
13449310,l28,X3,c1,115585,3.21,True,NOTINVOLVED_PURCHASE
13449751,l103,X5,c4,101770,12.77,True,NOTINVOLVED_PURCHASE
13451880,l60,X2,c5,66918,23.74,True,NOTINVOLVED_PURCHASE
13451954,l91,X3,c1,70344,3.87,True,NOTINVOLVED_PURCHASE
13453740,l123,X3,c6,101428,4.0,True,NOTINVOLVED_PURCHASE
13454363,l70,X3,c6,56278,4.16,True,NOTINVOLVED_PURCHASE
13465168,l84,X1,c6,84901,8.78,True,NOTINVOLVED_PURCHASE
13470225,l93,X0,c1,66370,1.99,True,NOTINVOLVED_PURCHASE
13473986,l27,X4,c1,39025,2.86,True,NOTINVOLVED_PURCHASE
13475613,l98,X5,c4,37279,12.06,True,NOTINVOLVED_PURCHASE
13481115,l147,X6,c4,103998,9.87,True,NOTINVOLVED_PURCHASE
13485831,l85,X4,c2,80667,12.0,True,NOTINVOLVED_PURCHASE
13497870,l104,X2,c5,69416,20.91,True,NOTINVOLVED_PURCHASE
13498325,l20,X1,c6,88144,8.71,True,NOTINVOLVED_PURCHASE
13507623,l38,X5,c1,54832,2.97,True,NOTINVOLVED_PURCHASE
13508401,A2,a1,c2,107987,11.88,True,SHADOW_PURCHASE1
13508777,l143,X0,c4,35790,10.93,True,NOTINVOLVED_PURCHASE
13518789,l73,X2,c5,74173,18.38,True,NOTINVOLVED_PURCHASE
13525998,l124,X0,c5,40493,28.16,True,NOTINVOLVED_PURCHASE
13531586,l58,X4,c1,52307,2.31,True,NOTINVOLVED_PURCHASE
13539440,l55,X5,c4,115420,14.19,True,NOTINVOLVED_PURCHASE
13543384,l107,X3,c1,45769,3.83,True,NOTINVOLVED_PURCHASE
13557968,x4,X0,c5,68726,5.88,True,SHADOW_PURCHASE3
13563299,l137,X0,c3,83424,4.0,True,NOTINVOLVED_PURCHASE
13563374,l3,X4,c1,100581,3.62,True,NOTINVOLVED_PURCHASE
13569575,l129,X3,c6,38377,4.73,True,NOTINVOLVED_PURCHASE
13583495,l39,X5,c1,115365,2.39,True,NOTINVOLVED_PURCHASE
13589375,l1,X1,c5,97267,19.07,True,NOTINVOLVED_PURCHASE
13592502,l134,X5,c1,92510,2.5,True,NOTINVOLVED_PURCHASE
13598283,l49,X3,c1,103346,3.65,True,NOTINVOLVED_PURCHASE
13599335,l2,X1,c5,84132,16.9,True,NOTINVOLVED_PURCHASE
13599779,l97,X1,c5,101956,19.06,True,NOTINVOLVED_PURCHASE
13600088,l46,X5,c1,118882,3.67,True,NOTINVOLVED_PURCHASE
13611655,l146,X1,c5,33547,13.73,True,NOTINVOLVED_PURCHASE
13614938,l155,X3,c1,30811,2.04,True,NOTINVOLVED_PURCHASE
13627335,l53,X1,c6,43876,8.93,True,NOTINVOLVED_PURCHASE
13632100,l121,X1,c6,111629,9.5,True,NOTINVOLVED_PURCHASE
13633075,l4,X2,c6,45012,9.57,True,NOTINVOLVED_PURCHASE
13637322,l156,X5,c4,87531,7.35,True,NOTINVOLVED_PURCHASE
13639591,A3,a5,c5,90115,10.43,True,SHADOW_PURCHASE1
13642089,l142,X4,c4,52297,5.73,True,NOTINVOLVED_PURCHASE
13644677,l82,X1,c5,117780,14.24,True,NOTINVOLVED_PURCHASE
13669686,l132,X6,c2,46851,5.12,True,NOTINVOLVED_PURCHASE
13670394,l88,X0,c4,60025,11.59,True,NOTINVOLVED_PURCHASE
13684733,l6,X2,c6,41006,2.74,True,NOTINVOLVED_PURCHASE
13699553,l113,X1,c5,108594,22.26,True,NOTINVOLVED_PURCHASE
13699637,l133,X3,c6,74511,10.43,True,NOTINVOLVED_PURCHASE
13710305,l81,X1,c5,88253,22.02,True,NOTINVOLVED_PURCHASE
13718842,l110,X5,c4,81872,14.03,True,NOTINVOLVED_PURCHASE
13720083,l108,X4,c6,93324,6.16,True,NOTINVOLVED_PURCHASE
13724814,l145,X1,c5,109394,12.5,True,NOTINVOLVED_PURCHASE
13730792,l89,X4,c1,113139,3.61,True,NOTINVOLVED_PURCHASE
13742527,l138,X0,c4,103264,10.97,True,NOTINVOLVED_PURCHASE
13744911,A7,X4,c4,101995,8.91,True,NORMAL_PURCHASE
13749264,l117,X4,c1,58634,2.41,True,NOTINVOLVED_PURCHASE
13751166,a1,x2,c2,107987,10.93,False,SHADOW_PURCHASE2
13751767,l116,X3,c1,89736,3.44,True,NOTINVOLVED_PURCHASE
13752874,l65,X3,c6,84476,10.52,True,NOTINVOLVED_PURCHASE
13766804,l41,X3,c6,108036,6.54,True,NOTINVOLVED_PURCHASE
13767122,l87,X0,c5,114160,18.88,True,NOTINVOLVED_PURCHASE
13767191,l75,X4,c6,74888,3.86,True,NOTINVOLVED_PURCHASE
13769170,l29,X0,c4,31400,7.82,True,NOTINVOLVED_PURCHASE
13773359,l61,X5,c4,97248,11.24,True,NOTINVOLVED_PURCHASE
13779487,l130,X5,c4,79759,15.06,True,NOTINVOLVED_PURCHASE
13790756,l8,X6,c2,117062,6.99,True,NOTINVOLVED_PURCHASE
13798479,l76,X0,c4,45884,13.1,True,NOTINVOLVED_PURCHASE
13805803,l158,X1,c5,81112,7.81,True,NOTINVOLVED_PURCHASE
13806059,l127,X5,c4,73880,6.7,True,NOTINVOLVED_PURCHASE
13820910,l50,X4,c6,51940,9.16,True,NOTINVOLVED_PURCHASE
13826084,l34,X5,c1,76475,2.92,True,NOTINVOLVED_PURCHASE
13837181,A1,a4,c1,95646,2.25,True,SHADOW_PURCHASE1
13856129,l31,X5,c4,102299,15.43,True,NOTINVOLVED_PURCHASE
13858346,l95,X2,c1,102171,2.86,True,NOTINVOLVED_PURCHASE
13873266,l102,X4,c2,104902,10.09,True,NOTINVOLVED_PURCHASE
13876242,a5,x4,c5,90115,4.64,False,SHADOW_PURCHASE2
13881326,l109,X1,c6,73824,4.85,True,NOTINVOLVED_PURCHASE
13881783,l150,X2,c6,89263,7.87,True,NOTINVOLVED_PURCHASE
13886274,l94,X6,c2,114711,6.41,True,NOTINVOLVED_PURCHASE
13888448,l141,X5,c4,52975,15.41,True,NOTINVOLVED_PURCHASE
13904258,l144,X2,c1,39709,3.73,True,NOTINVOLVED_PURCHASE
13908111,l43,X3,c1,53393,2.68,True,NOTINVOLVED_PURCHASE
13909520,l56,X0,c1,65011,3.53,True,NOTINVOLVED_PURCHASE
13923035,l136,X2,c1,119469,3.36,True,NOTINVOLVED_PURCHASE
13935795,l159,X3,c6,65158,3.26,True,NOTINVOLVED_PURCHASE
13943416,A6,X4,c2,38697,5.09,True,NORMAL_PURCHASE
13945807,A0,X0,c3,99261,5.76,True,NORMAL_PURCHASE
13948286,l111,X0,c1,62430,2.72,True,NOTINVOLVED_PURCHASE
13950672,l86,X0,c5,70668,16.69,True,NOTINVOLVED_PURCHASE
13954685,l99,X6,c5,89594,19.0,True,NOTINVOLVED_PURCHASE
13955782,l68,X3,c6,91135,4.73,True,NOTINVOLVED_PURCHASE
13957132,l59,X2,c5,100943,24.83,True,NOTINVOLVED_PURCHASE
13960887,l120,X4,c1,37801,3.86,True,NOTINVOLVED_PURCHASE
13961534,l63,X6,c5,36166,8.79,True,NOTINVOLVED_PURCHASE
13962189,l5,X3,c1,88246,3.27,True,NOTINVOLVED_PURCHASE
13982367,l9,X1,c5,114638,15.25,True,NOTINVOLVED_PURCHASE
13989171,x2,X6,c2,107987,6.59,True,SHADOW_PURCHASE3
13993821,l115,X0,c1,96671,3.64,True,NOTINVOLVED_PURCHASE
13999912,l23,X6,c1,101556,3.69,True,NOTINVOLVED_PURCHASE
14002915,l26,X2,c6,106782,2.92,True,NOTINVOLVED_PURCHASE
14007482,l10,X5,c4,44658,14.76,True,NOTINVOLVED_PURCHASE
14015556,l118,X6,c1,95669,3.82,True,NOTINVOLVED_PURCHASE
14016890,l51,X3,c6,60822,10.53,True,NOTINVOLVED_PURCHASE
14022754,l30,X5,c4,65241,15.74,True,NOTINVOLVED_PURCHASE
14032819,l131,X4,c4,88171,9.18,True,NOTINVOLVED_PURCHASE
14037633,l83,X1,c5,57200,10.39,True,NOTINVOLVED_PURCHASE
14053200,l112,X1,c5,70450,20.83,True,NOTINVOLVED_PURCHASE
14055234,l62,X3,c6,118492,7.49,True,NOTINVOLVED_PURCHASE
14067162,l57,X1,c5,87436,27.53,True,NOTINVOLVED_PURCHASE
14084713,l92,X3,c6,96448,7.2,True,NOTINVOLVED_PURCHASE
14086038,l151,X1,c6,116382,5.55,True,NOTINVOLVED_PURCHASE
14086570,a4,x1,c1,95646,1.93,False,SHADOW_PURCHASE2
14086700,l32,X3,c6,54306,4.74,True,NOTINVOLVED_PURCHASE
14087348,l119,X4,c4,81875,16.04,True,NOTINVOLVED_PURCHASE
14105854,l80,X3,c1,83440,3.23,True,NOTINVOLVED_PURCHASE
14122425,x4,X2,c5,90115,3.1,True,SHADOW_PURCHASE3
14125606,l7,X3,c1,40686,2.92,True,NOTINVOLVED_PURCHASE
14132264,l35,X1,c6,96668,8.66,True,NOTINVOLVED_PURCHASE
14145731,l126,X4,c2,47375,5.25,True,NOTINVOLVED_PURCHASE
14146501,l122,X2,c1,57871,2.03,True,NOTINVOLVED_PURCHASE
14151818,l157,X4,c4,47487,15.63,True,NOTINVOLVED_PURCHASE
14154460,l16,X4,c4,59747,11.58,True,NOTINVOLVED_PURCHASE
14154958,l22,X0,c5,85046,21.43,True,NOTINVOLVED_PURCHASE
14157630,l12,X5,c4,109176,7.93,True,NOTINVOLVED_PURCHASE
14157722,l19,X0,c3,103252,4.0,True,NOTINVOLVED_PURCHASE
14171944,l140,X3,c1,99330,3.17,True,NOTINVOLVED_PURCHASE
14187405,l105,X3,c1,106658,2.08,True,NOTINVOLVED_PURCHASE
14189551,l90,X3,c6,60987,6.47,True,NOTINVOLVED_PURCHASE
14190816,l135,X6,c4,63324,11.4,True,NOTINVOLVED_PURCHASE
14207520,l125,X4,c6,52861,3.29,True,NOTINVOLVED_PURCHASE
14212237,l54,X2,c6,30851,9.94,True,NOTINVOLVED_PURCHASE
14214980,l106,X4,c1,43203,3.62,True,NOTINVOLVED_PURCHASE
14216906,l78,X2,c5,118831,13.79,True,NOTINVOLVED_PURCHASE
14236027,l47,X3,c1,39374,2.98,True,NOTINVOLVED_PURCHASE
14257180,l74,X6,c5,108595,14.3,True,NOTINVOLVED_PURCHASE
14278267,l37,X6,c5,84965,21.97,True,NOTINVOLVED_PURCHASE
14314129,l17,X5,c1,119226,3.39,True,NOTINVOLVED_PURCHASE
14322394,l40,X2,c1,39858,2.27,True,NOTINVOLVED_PURCHASE
14330764,l18,X6,c5,51540,13.72,True,NOTINVOLVED_PURCHASE
14340514,l153,X0,c1,71544,3.21,True,NOTINVOLVED_PURCHASE
14354407,x1,X6,c1,95646,1.0,True,SHADOW_PURCHASE3
14355089,l33,X4,c6,79085,4.35,True,NOTINVOLVED_PURCHASE
14361479,A4,a0,c5,119808,17.99,True,SHADOW_PURCHASE1
14372871,l15,X5,c4,110510,16.54,True,NOTINVOLVED_PURCHASE
14378400,l13,X3,c1,63204,2.79,True,NOTINVOLVED_PURCHASE
14386526,l0,X2,c1,60078,3.72,True,NOTINVOLVED_PURCHASE
14387480,l79,X1,c5,89042,27.25,True,NOTINVOLVED_PURCHASE
14409399,l148,X2,c6,55233,8.9,True,NOTINVOLVED_PURCHASE
14448520,l96,X4,c4,41466,12.95,True,NOTINVOLVED_PURCHASE
14451922,l21,X1,c6,103321,6.01,True,NOTINVOLVED_PURCHASE
14452536,l128,X1,c5,59023,18.65,True,NOTINVOLVED_PURCHASE
14471840,l152,X1,c6,79448,7.64,True,NOTINVOLVED_PURCHASE
14505210,l77,X0,c1,50146,2.55,True,NOTINVOLVED_PURCHASE
14571970,l71,X5,c4,87936,9.47,True,NOTINVOLVED_PURCHASE
14614517,a0,x3,c5,119808,13.88,False,SHADOW_PURCHASE2
14849855,x3,X0,c5,119808,5.73,True,SHADOW_PURCHASE3
15451569,A5,a3,c4,79949,12.73,True,SHADOW_PURCHASE1
15487944,l11,X4,c2,91099,11.71,True,NOTINVOLVED_PURCHASE
15686380,a3,x4,c4,79949,11.24,False,SHADOW_PURCHASE2
15694408,l69,X5,c1,62546,2.19,True,NOTINVOLVED_PURCHASE
15697452,l101,X1,c6,102274,3.91,True,NOTINVOLVED_PURCHASE
15732406,l24,X6,c1,67119,3.6,True,NOTINVOLVED_PURCHASE
15741405,l44,X2,c6,70178,2.75,True,NOTINVOLVED_PURCHASE
15771153,l45,X1,c5,107014,21.41,True,NOTINVOLVED_PURCHASE
15782317,l14,X3,c1,53318,3.32,True,NOTINVOLVED_PURCHASE
15829334,l139,X4,c6,73684,5.62,True,NOTINVOLVED_PURCHASE
15842093,l84,X1,c5,112229,25.81,True,NOTINVOLVED_PURCHASE
15849470,l66,X5,c4,109220,12.4,True,NOTINVOLVED_PURCHASE
15903996,l103,X5,c4,93648,16.03,True,NOTINVOLVED_PURCHASE
15926294,x4,X6,c4,79949,5.02,True,SHADOW_PURCHASE3
15939283,l48,X4,c6,98068,3.08,True,NOTINVOLVED_PURCHASE
15941749,l91,X2,c6,60429,6.37,True,NOTINVOLVED_PURCHASE
15942810,l123,X5,c4,73098,4.95,True,NOTINVOLVED_PURCHASE
15955649,l28,X2,c1,30214,2.61,True,NOTINVOLVED_PURCHASE
15955791,l143,X0,c3,77236,4.36,True,NOTINVOLVED_PURCHASE
15956584,l100,X0,c4,57220,8.24,True,NOTINVOLVED_PURCHASE
15965362,l149,X2,c1,76440,2.23,True,NOTINVOLVED_PURCHASE
15969694,l147,X0,c3,67910,5.51,True,NOTINVOLVED_PURCHASE
15973003,l85,X5,c1,54052,3.2,True,NOTINVOLVED_PURCHASE
15983349,l52,X1,c5,97221,25.74,True,NOTINVOLVED_PURCHASE
15990178,l114,X2,c5,75765,19.44,True,NOTINVOLVED_PURCHASE
15993890,l124,X1,c5,37768,19.46,True,NOTINVOLVED_PURCHASE
16005317,l121,X3,c6,117110,6.24,True,NOTINVOLVED_PURCHASE
16007793,l1,X4,c6,46748,8.31,True,NOTINVOLVED_PURCHASE
16032085,l129,X0,c5,100538,22.9,True,NOTINVOLVED_PURCHASE
16045370,l98,X2,c5,108277,23.99,True,NOTINVOLVED_PURCHASE
16046706,l36,X6,c1,109642,2.92,True,NOTINVOLVED_PURCHASE
16050072,l107,X3,c6,53420,7.63,True,NOTINVOLVED_PURCHASE
16050460,l88,X0,c4,90788,5.88,True,NOTINVOLVED_PURCHASE
16061611,l137,X6,c4,46029,9.42,True,NOTINVOLVED_PURCHASE
16062868,l53,X4,c2,108966,8.8,True,NOTINVOLVED_PURCHASE
16087033,l72,X2,c5,117486,19.59,True,NOTINVOLVED_PURCHASE
16095352,l67,X5,c4,77394,13.2,True,NOTINVOLVED_PURCHASE
16095637,l42,X2,c6,92675,9.29,True,NOTINVOLVED_PURCHASE
16100852,l27,X1,c5,108387,26.08,True,NOTINVOLVED_PURCHASE
16109668,l138,X2,c6,92827,8.8,True,NOTINVOLVED_PURCHASE
16112287,l20,X0,c1,100579,2.5,True,NOTINVOLVED_PURCHASE
16112800,l97,X3,c6,89012,6.52,True,NOTINVOLVED_PURCHASE
16129515,l64,X6,c2,68582,12.93,True,NOTINVOLVED_PURCHASE
16131596,A3,X5,c4,75058,10.35,True,NORMAL_PURCHASE
16141210,l154,X3,c6,103505,6.75,True,NOTINVOLVED_PURCHASE
16145712,l155,X6,c2,61816,5.15,True,NOTINVOLVED_PURCHASE
16146214,l3,X1,c6,72606,5.12,True,NOTINVOLVED_PURCHASE
16152566,l25,X4,c4,109561,11.78,True,NOTINVOLVED_PURCHASE
16153224,l55,X0,c3,59788,3.63,True,NOTINVOLVED_PURCHASE
16165039,l60,X0,c1,99267,3.93,True,NOTINVOLVED_PURCHASE
16170847,l110,X3,c6,59145,10.39,True,NOTINVOLVED_PURCHASE
16179280,l133,X1,c5,101670,20.26,True,NOTINVOLVED_PURCHASE
16195268,l46,X4,c4,115522,5.41,True,NOTINVOLVED_PURCHASE
16197469,l82,X1,c6,80990,4.61,True,NOTINVOLVED_PURCHASE
16197950,l70,X0,c4,35408,6.3,True,NOTINVOLVED_PURCHASE
16200741,l8,X6,c4,103629,9.63,True,NOTINVOLVED_PURCHASE
16201660,l130,X5,c1,54199,3.75,True,NOTINVOLVED_PURCHASE
16224975,l49,X4,c4,108706,7.79,True,NOTINVOLVED_PURCHASE
16226073,l58,X1,c5,78115,15.22,True,NOTINVOLVED_PURCHASE
16231289,l6,X5,c4,41081,11.74,True,NOTINVOLVED_PURCHASE
16236887,l142,X5,c4,86146,5.52,True,NOTINVOLVED_PURCHASE
16246741,l93,X0,c1,114097,3.92,True,NOTINVOLVED_PURCHASE
16247572,l29,X0,c3,98611,4.55,True,NOTINVOLVED_PURCHASE
16259196,l145,X5,c1,32012,2.73,True,NOTINVOLVED_PURCHASE
16269446,l127,X0,c4,84544,13.81,True,NOTINVOLVED_PURCHASE
16274585,l146,X5,c1,84684,3.86,True,NOTINVOLVED_PURCHASE
16282033,l95,X1,c6,70751,9.85,True,NOTINVOLVED_PURCHASE
16282461,l2,X6,c1,99760,2.81,True,NOTINVOLVED_PURCHASE
16287874,A2,X0,c3,70229,5.28,True,NORMAL_PURCHASE
16289049,l73,X5,c4,38698,8.61,True,NOTINVOLVED_PURCHASE
16309742,l150,X1,c5,90211,14.88,True,NOTINVOLVED_PURCHASE
16315331,l81,X1,c5,41323,20.86,True,NOTINVOLVED_PURCHASE
16320913,l4,X5,c4,39614,14.73,True,NOTINVOLVED_PURCHASE
16331071,l38,X4,c2,82210,5.58,True,NOTINVOLVED_PURCHASE
16339883,l76,X5,c1,89505,2.77,True,NOTINVOLVED_PURCHASE
16343811,A1,X3,c6,45517,5.16,True,NORMAL_PURCHASE
16344542,l132,X4,c2,107548,11.02,True,NOTINVOLVED_PURCHASE
16345118,l43,X3,c1,62306,3.88,True,NOTINVOLVED_PURCHASE
16369479,l104,X3,c6,68731,9.11,True,NOTINVOLVED_PURCHASE
16369594,l56,X0,c3,34053,4.7,True,NOTINVOLVED_PURCHASE
16373166,l26,X4,c1,99317,3.94,True,NOTINVOLVED_PURCHASE
16390428,l156,X4,c4,104643,11.55,True,NOTINVOLVED_PURCHASE
16390893,l31,X5,c4,80002,7.67,True,NOTINVOLVED_PURCHASE
16399503,l158,X6,c4,89676,14.18,True,NOTINVOLVED_PURCHASE
16405969,l23,X1,c5,59560,8.64,True,NOTINVOLVED_PURCHASE
16415306,l63,X0,c4,65785,4.84,True,NOTINVOLVED_PURCHASE
16420706,l116,X4,c2,73963,5.25,True,NOTINVOLVED_PURCHASE
16427106,l83,X6,c5,67562,17.4,True,NOTINVOLVED_PURCHASE
16440729,A7,X1,c5,116717,23.37,True,NORMAL_PURCHASE
16450844,l144,X0,c5,117615,8.39,True,NOTINVOLVED_PURCHASE
16460961,l39,X4,c4,59563,13.44,True,NOTINVOLVED_PURCHASE
16472633,l86,X4,c2,45285,5.36,True,NOTINVOLVED_PURCHASE
16473525,l117,X0,c5,73704,20.27,True,NOTINVOLVED_PURCHASE
16475335,l134,X0,c1,118481,3.76,True,NOTINVOLVED_PURCHASE
16476660,l151,X5,c4,107861,6.28,True,NOTINVOLVED_PURCHASE
16482079,A6,X4,c4,38192,7.47,True,NORMAL_PURCHASE
16486987,l113,X4,c2,102933,4.07,True,NOTINVOLVED_PURCHASE
16498568,l5,X2,c5,112971,13.17,True,NOTINVOLVED_PURCHASE
16511066,l50,X0,c5,44323,24.39,True,NOTINVOLVED_PURCHASE
16521434,l62,X3,c1,35719,2.76,True,NOTINVOLVED_PURCHASE
16523800,l108,X0,c3,56069,5.4,True,NOTINVOLVED_PURCHASE
16529251,l102,X2,c5,39156,11.66,True,NOTINVOLVED_PURCHASE
16531182,l136,X3,c1,102839,2.83,True,NOTINVOLVED_PURCHASE
16541977,l10,X5,c1,86191,3.6,True,NOTINVOLVED_PURCHASE
16549641,l131,X4,c4,102898,15.68,True,NOTINVOLVED_PURCHASE
16553500,l109,X2,c1,34433,3.07,True,NOTINVOLVED_PURCHASE
16571887,l75,X1,c5,107480,10.54,True,NOTINVOLVED_PURCHASE
16575370,l94,X3,c6,106325,10.13,True,NOTINVOLVED_PURCHASE
16575395,l115,X2,c5,103019,22.47,True,NOTINVOLVED_PURCHASE
16587386,l65,X4,c4,53376,13.44,True,NOTINVOLVED_PURCHASE
16588043,l112,X0,c1,83312,2.05,True,NOTINVOLVED_PURCHASE
16589971,l41,X3,c1,52382,3.63,True,NOTINVOLVED_PURCHASE
16591054,l87,X6,c5,52605,27.19,True,NOTINVOLVED_PURCHASE
16594451,l89,X5,c1,84888,2.75,True,NOTINVOLVED_PURCHASE
16602958,l111,X2,c6,99372,10.13,True,NOTINVOLVED_PURCHASE
16609196,l16,X3,c6,66031,6.42,True,NOTINVOLVED_PURCHASE
16617006,A0,X0,c4,93330,8.48,True,NORMAL_PURCHASE
16618086,l34,X5,c4,117365,13.21,True,NOTINVOLVED_PURCHASE
16618536,l32,X0,c5,107237,23.22,True,NOTINVOLVED_PURCHASE
16623012,l99,X6,c2,62998,6.1,True,NOTINVOLVED_PURCHASE
16633929,l68,X0,c4,100333,14.46,True,NOTINVOLVED_PURCHASE
16635750,l61,X4,c2,85066,8.61,True,NOTINVOLVED_PURCHASE
16649094,l159,X0,c4,73066,15.6,True,NOTINVOLVED_PURCHASE
16653449,l140,X3,c6,98101,9.66,True,NOTINVOLVED_PURCHASE
16674887,l90,X1,c6,55001,7.58,True,NOTINVOLVED_PURCHASE
16678656,l118,X3,c1,60513,2.01,True,NOTINVOLVED_PURCHASE
16693595,l47,X1,c5,74962,22.38,True,NOTINVOLVED_PURCHASE
16712132,l119,X3,c1,77849,2.08,True,NOTINVOLVED_PURCHASE
16723851,l125,X3,c1,102391,2.21,True,NOTINVOLVED_PURCHASE
16726334,l9,X2,c1,59948,3.34,True,NOTINVOLVED_PURCHASE
16734378,l141,X2,c6,34284,8.47,True,NOTINVOLVED_PURCHASE
16748390,l105,X2,c5,108571,13.27,True,NOTINVOLVED_PURCHASE
16755546,l157,X2,c6,61896,6.63,True,NOTINVOLVED_PURCHASE
16762083,l106,X0,c1,36941,2.31,True,NOTINVOLVED_PURCHASE
16796339,l59,X2,c6,53069,2.83,True,NOTINVOLVED_PURCHASE
16815080,l19,X1,c6,53082,9.65,True,NOTINVOLVED_PURCHASE
16815142,l120,X3,c1,41397,2.22,True,NOTINVOLVED_PURCHASE
16824801,l57,X1,c5,40012,10.55,True,NOTINVOLVED_PURCHASE
16846159,l122,X2,c1,104493,3.05,True,NOTINVOLVED_PURCHASE
16860736,l21,X5,c1,84107,2.07,True,NOTINVOLVED_PURCHASE
16865711,l51,X4,c4,56543,11.75,True,NOTINVOLVED_PURCHASE
16868554,l0,X4,c4,96776,14.89,True,NOTINVOLVED_PURCHASE
16877824,l17,X2,c5,72060,13.24,True,NOTINVOLVED_PURCHASE
16882322,l92,X2,c6,73397,4.62,True,NOTINVOLVED_PURCHASE
16888011,l35,X1,c5,103921,19.5,True,NOTINVOLVED_PURCHASE
16890437,l30,X2,c6,69751,6.34,True,NOTINVOLVED_PURCHASE
16895593,l40,X6,c2,77366,4.4,True,NOTINVOLVED_PURCHASE
16900493,l7,X0,c5,74326,20.4,True,NOTINVOLVED_PURCHASE
16902343,l22,X2,c5,58083,18.83,True,NOTINVOLVED_PURCHASE
16907553,l18,X2,c6,41002,6.43,True,NOTINVOLVED_PURCHASE
16924910,l126,X5,c4,73658,14.86,True,NOTINVOLVED_PURCHASE
16942536,l78,X6,c4,103024,16.34,True,NOTINVOLVED_PURCHASE
16987348,l80,X2,c1,82572,3.96,True,NOTINVOLVED_PURCHASE
17012333,l54,X2,c5,76735,15.14,True,NOTINVOLVED_PURCHASE
17013725,l74,X5,c1,86657,3.04,True,NOTINVOLVED_PURCHASE
17022298,l77,X6,c4,40118,11.49,True,NOTINVOLVED_PURCHASE
17023753,l12,X0,c1,78831,3.4,True,NOTINVOLVED_PURCHASE
17038780,l135,X6,c1,42083,2.96,True,NOTINVOLVED_PURCHASE
17043475,l152,X5,c1,105395,3.41,True,NOTINVOLVED_PURCHASE
17052478,A4,X5,c4,66117,9.09,True,NORMAL_PURCHASE
17055712,l128,X2,c5,65416,16.69,True,NOTINVOLVED_PURCHASE
17055738,l153,X2,c1,42117,2.41,True,NOTINVOLVED_PURCHASE
17076200,l79,X1,c5,95282,8.24,True,NOTINVOLVED_PURCHASE
17166869,l37,X1,c6,86437,8.47,True,NOTINVOLVED_PURCHASE
17203545,l15,X4,c1,62920,2.32,True,NOTINVOLVED_PURCHASE
17227389,l33,X2,c1,59350,3.02,True,NOTINVOLVED_PURCHASE
17264316,l13,X3,c6,82334,4.44,True,NOTINVOLVED_PURCHASE
17265168,l148,X2,c6,94403,9.68,True,NOTINVOLVED_PURCHASE
17335297,l96,X4,c4,52541,10.49,True,NOTINVOLVED_PURCHASE
17381998,l71,X1,c5,116950,28.22,True,NOTINVOLVED_PURCHASE
17905369,A5,a3,c6,94265,2.92,True,SHADOW_PURCHASE1
18165255,l14,X2,c5,107670,19.69,True,NOTINVOLVED_PURCHASE
18179834,a3,x4,c6,94265,2.32,False,SHADOW_PURCHASE2
18192025,l24,X2,c5,113235,17.0,True,NOTINVOLVED_PURCHASE
18210409,l101,X3,c6,52344,3.81,True,NOTINVOLVED_PURCHASE
18295347,l45,X5,c4,70196,16.4,True,NOTINVOLVED_PURCHASE
18324361,l11,X3,c1,46438,2.27,True,NOTINVOLVED_PURCHASE
18356974,l66,X6,c5,55360,20.96,True,NOTINVOLVED_PURCHASE
18387548,l69,X6,c2,43923,5.36,True,NOTINVOLVED_PURCHASE
18395246,l147,X6,c1,59101,2.41,True,NOTINVOLVED_PURCHASE
18414612,l139,X0,c1,66925,3.18,True,NOTINVOLVED_PURCHASE
18436209,l137,X2,c6,41137,4.97,True,NOTINVOLVED_PURCHASE
18450989,x4,X2,c6,94265,1.51,True,SHADOW_PURCHASE3
18479197,l103,X1,c5,115028,22.06,True,NOTINVOLVED_PURCHASE
18546822,l149,X2,c6,81904,3.73,True,NOTINVOLVED_PURCHASE
18555636,l44,X3,c1,66035,3.07,True,NOTINVOLVED_PURCHASE
18556115,l48,X5,c4,45972,6.34,True,NOTINVOLVED_PURCHASE
18562453,l52,X6,c1,44803,2.44,True,NOTINVOLVED_PURCHASE
18576367,l110,X3,c6,114655,7.71,True,NOTINVOLVED_PURCHASE
18586397,l25,X0,c1,100882,3.8,True,NOTINVOLVED_PURCHASE
18591752,l100,X6,c5,36904,24.05,True,NOTINVOLVED_PURCHASE
18594347,l28,X2,c6,90208,7.84,True,NOTINVOLVED_PURCHASE
18639630,l46,X4,c2,42542,12.03,True,NOTINVOLVED_PURCHASE
18643803,l60,X0,c4,70325,12.68,True,NOTINVOLVED_PURCHASE
18649925,l121,X0,c4,100732,5.16,True,NOTINVOLVED_PURCHASE
18651137,l27,X6,c2,117810,13.35,True,NOTINVOLVED_PURCHASE
18652328,l130,X4,c4,44963,15.14,True,NOTINVOLVED_PURCHASE
18665453,l2,X1,c6,107271,7.75,True,NOTINVOLVED_PURCHASE
18680599,l67,X2,c1,99674,3.66,True,NOTINVOLVED_PURCHASE
18687182,l84,X4,c6,118420,9.52,True,NOTINVOLVED_PURCHASE
18687351,l91,X0,c5,44915,20.09,True,NOTINVOLVED_PURCHASE
18702800,l114,X3,c1,31094,2.61,True,NOTINVOLVED_PURCHASE
18704724,l124,X3,c6,30215,10.03,True,NOTINVOLVED_PURCHASE
18705366,l55,X5,c4,57645,11.11,True,NOTINVOLVED_PURCHASE
18706104,l81,X2,c6,35151,5.17,True,NOTINVOLVED_PURCHASE
18727823,l98,X5,c1,32862,2.36,True,NOTINVOLVED_PURCHASE
18728307,l146,X5,c4,116679,11.88,True,NOTINVOLVED_PURCHASE
18730340,l70,X6,c4,101214,8.78,True,NOTINVOLVED_PURCHASE
18740085,l107,X1,c6,119734,8.56,True,NOTINVOLVED_PURCHASE
18744842,l150,X0,c3,42834,4.72,True,NOTINVOLVED_PURCHASE
18746581,l85,X5,c4,37905,5.38,True,NOTINVOLVED_PURCHASE
18759625,l3,X6,c4,56575,9.46,True,NOTINVOLVED_PURCHASE
18762817,l123,X1,c5,57952,11.02,True,NOTINVOLVED_PURCHASE
18772311,l49,X4,c4,107357,10.54,True,NOTINVOLVED_PURCHASE
18778851,l8,X4,c6,48104,8.98,True,NOTINVOLVED_PURCHASE
18781478,l88,X4,c4,100447,9.6,True,NOTINVOLVED_PURCHASE
18786038,l42,X2,c5,51379,12.73,True,NOTINVOLVED_PURCHASE
18787897,l156,X3,c1,73733,2.49,True,NOTINVOLVED_PURCHASE
18796537,l36,X3,c6,104713,9.38,True,NOTINVOLVED_PURCHASE
18808250,l138,X0,c1,30652,2.25,True,NOTINVOLVED_PURCHASE
18812204,A3,X5,c1,102389,3.32,True,NORMAL_PURCHASE
18822187,l1,X3,c6,34322,6.07,True,NOTINVOLVED_PURCHASE
18825111,l144,X5,c4,40561,8.64,True,NOTINVOLVED_PURCHASE
18830352,l58,X1,c5,38078,25.83,True,NOTINVOLVED_PURCHASE
18830686,l143,X0,c1,107732,3.32,True,NOTINVOLVED_PURCHASE
18843664,A7,X1,c5,78561,20.75,True,NORMAL_PURCHASE
18847969,l29,X2,c6,78599,7.97,True,NOTINVOLVED_PURCHASE
18848112,l127,X5,c1,33936,3.51,True,NOTINVOLVED_PURCHASE
18854853,l97,X1,c5,47300,27.36,True,NOTINVOLVED_PURCHASE
18858548,l20,X1,c5,65877,13.97,True,NOTINVOLVED_PURCHASE
18865813,l72,X0,c3,76125,6.06,True,NOTINVOLVED_PURCHASE
18871462,l26,X4,c4,89827,11.88,True,NOTINVOLVED_PURCHASE
18873749,l155,X4,c2,44248,12.56,True,NOTINVOLVED_PURCHASE
18886328,l145,X5,c1,74585,3.87,True,NOTINVOLVED_PURCHASE
18895545,l56,X2,c1,36976,3.98,True,NOTINVOLVED_PURCHASE
18914762,l129,X1,c6,75804,9.94,True,NOTINVOLVED_PURCHASE
18914925,l151,X2,c6,73093,7.13,True,NOTINVOLVED_PURCHASE
18918418,l64,X1,c5,82012,21.45,True,NOTINVOLVED_PURCHASE
18938094,l158,X6,c1,117227,2.1,True,NOTINVOLVED_PURCHASE
18943936,l133,X1,c6,40820,9.82,True,NOTINVOLVED_PURCHASE
18948685,l53,X4,c1,32319,2.23,True,NOTINVOLVED_PURCHASE
18965519,l132,X6,c2,75624,13.09,True,NOTINVOLVED_PURCHASE
18968249,l108,X6,c5,79750,26.93,True,NOTINVOLVED_PURCHASE
18970403,A2,X0,c5,117383,25.2,True,NORMAL_PURCHASE
18977025,l10,X5,c1,33078,2.32,True,NOTINVOLVED_PURCHASE
18977469,l50,X1,c5,56214,6.28,True,NOTINVOLVED_PURCHASE
18984039,l102,X3,c1,39346,2.81,True,NOTINVOLVED_PURCHASE
18989616,l65,X2,c6,30781,5.5,True,NOTINVOLVED_PURCHASE
18990187,l86,X5,c1,33393,3.57,True,NOTINVOLVED_PURCHASE
19009128,l31,X1,c5,70167,8.4,True,NOTINVOLVED_PURCHASE
19013294,l94,X6,c5,42484,6.48,True,NOTINVOLVED_PURCHASE
19015391,l142,X3,c6,71131,3.24,True,NOTINVOLVED_PURCHASE
19020713,l154,X5,c4,78429,8.71,True,NOTINVOLVED_PURCHASE
19022147,l6,X0,c3,45566,2.43,True,NOTINVOLVED_PURCHASE
19027614,l76,X0,c1,33465,2.97,True,NOTINVOLVED_PURCHASE
19031554,l82,X1,c5,30823,25.89,True,NOTINVOLVED_PURCHASE
19033349,l89,X4,c2,95464,6.2,True,NOTINVOLVED_PURCHASE
19034001,l115,X2,c1,57110,3.04,True,NOTINVOLVED_PURCHASE
19041404,l109,X3,c6,75740,5.91,True,NOTINVOLVED_PURCHASE
19051325,l4,X3,c6,78258,4.3,True,NOTINVOLVED_PURCHASE
19056321,l41,X0,c1,88303,2.43,True,NOTINVOLVED_PURCHASE
19056889,l16,X1,c5,108438,16.8,True,NOTINVOLVED_PURCHASE
19060259,l113,X4,c4,64431,13.1,True,NOTINVOLVED_PURCHASE
19062583,l32,X3,c1,62348,3.25,True,NOTINVOLVED_PURCHASE
19064441,l93,X2,c6,117978,9.04,True,NOTINVOLVED_PURCHASE
19064818,A6,X4,c6,37833,7.1,True,NORMAL_PURCHASE
19065826,l136,X2,c5,59973,25.08,True,NOTINVOLVED_PURCHASE
19066421,l116,X3,c1,41456,2.61,True,NOTINVOLVED_PURCHASE
19089529,l43,X0,c1,40366,2.23,True,NOTINVOLVED_PURCHASE
19097413,l63,X1,c5,91297,22.63,True,NOTINVOLVED_PURCHASE
19098216,l83,X3,c6,50658,8.67,True,NOTINVOLVED_PURCHASE
19099759,l112,X0,c4,84322,6.07,True,NOTINVOLVED_PURCHASE
19103811,l73,X6,c1,69850,2.39,True,NOTINVOLVED_PURCHASE
19106838,l134,X3,c6,50555,3.59,True,NOTINVOLVED_PURCHASE
19107894,l159,X2,c5,59418,9.09,True,NOTINVOLVED_PURCHASE
19120944,l75,X3,c1,41354,2.13,True,NOTINVOLVED_PURCHASE
19136006,l62,X3,c6,117368,8.23,True,NOTINVOLVED_PURCHASE
19141849,l90,X6,c5,72059,11.9,True,NOTINVOLVED_PURCHASE
19149337,l95,X0,c3,59192,5.42,True,NOTINVOLVED_PURCHASE
19154643,l5,X6,c4,50079,5.15,True,NOTINVOLVED_PURCHASE
19178203,l38,X0,c3,69693,4.62,True,NOTINVOLVED_PURCHASE
19187969,l104,X5,c1,36297,2.15,True,NOTINVOLVED_PURCHASE
19203766,l87,X0,c1,83318,2.07,True,NOTINVOLVED_PURCHASE
19209735,l57,X0,c4,70491,13.82,True,NOTINVOLVED_PURCHASE
19209935,A1,X2,c6,92573,6.76,True,NORMAL_PURCHASE
19215021,l39,X6,c4,87952,7.87,True,NOTINVOLVED_PURCHASE
19217809,l34,X3,c1,43304,3.49,True,NOTINVOLVED_PURCHASE
19234506,l140,X3,c6,116611,10.31,True,NOTINVOLVED_PURCHASE
19240832,l9,X4,c2,117416,13.27,True,NOTINVOLVED_PURCHASE
19269596,l30,X5,c4,78010,8.72,True,NOTINVOLVED_PURCHASE
19270131,l23,X1,c5,43934,12.2,True,NOTINVOLVED_PURCHASE
19271740,l21,X1,c6,41398,4.29,True,NOTINVOLVED_PURCHASE
19274935,l117,X0,c3,108255,5.96,True,NOTINVOLVED_PURCHASE
19275250,l0,X1,c6,60499,7.34,True,NOTINVOLVED_PURCHASE
19303331,l118,X3,c6,32231,5.21,True,NOTINVOLVED_PURCHASE
19304175,l106,X4,c6,73191,6.24,True,NOTINVOLVED_PURCHASE
19308574,l111,X4,c1,64136,2.03,True,NOTINVOLVED_PURCHASE
19310453,l61,X2,c1,54959,2.7,True,NOTINVOLVED_PURCHASE
19333006,l157,X2,c5,78288,17.16,True,NOTINVOLVED_PURCHASE
19359797,l105,X0,c1,72628,2.51,True,NOTINVOLVED_PURCHASE
19368288,A0,X4,c4,102099,13.34,True,NORMAL_PURCHASE
19381800,l59,X2,c6,86268,5.18,True,NOTINVOLVED_PURCHASE
19383559,l47,X1,c6,100886,9.34,True,NOTINVOLVED_PURCHASE
19388093,l125,X4,c4,98128,9.09,True,NOTINVOLVED_PURCHASE
19407750,l51,X3,c1,36277,2.81,True,NOTINVOLVED_PURCHASE
19410330,l135,X1,c6,70088,10.28,True,NOTINVOLVED_PURCHASE
19414176,l131,X4,c6,49767,6.41,True,NOTINVOLVED_PURCHASE
19440686,l122,X3,c1,63275,2.15,True,NOTINVOLVED_PURCHASE
19446260,l92,X3,c6,79988,2.92,True,NOTINVOLVED_PURCHASE
19450547,l40,X6,c2,94585,5.39,True,NOTINVOLVED_PURCHASE
19457547,A4,X1,c6,78147,7.08,True,NORMAL_PURCHASE
19460033,l80,X6,c2,81277,7.95,True,NOTINVOLVED_PURCHASE
19465576,l18,X0,c4,84302,7.44,True,NOTINVOLVED_PURCHASE
19475272,l99,X5,c1,63763,3.4,True,NOTINVOLVED_PURCHASE
19481372,l68,X6,c5,52648,26.21,True,NOTINVOLVED_PURCHASE
19485466,l141,X1,c6,78160,7.45,True,NOTINVOLVED_PURCHASE
19500393,l119,X3,c6,65890,3.6,True,NOTINVOLVED_PURCHASE
19511726,l126,X5,c1,55689,3.01,True,NOTINVOLVED_PURCHASE
19521615,l35,X5,c4,30863,10.27,True,NOTINVOLVED_PURCHASE
19559753,l19,X2,c1,110629,2.69,True,NOTINVOLVED_PURCHASE
19597872,l12,X1,c5,92021,8.16,True,NOTINVOLVED_PURCHASE
19600324,l79,X2,c1,58718,3.61,True,NOTINVOLVED_PURCHASE
19606210,l7,X4,c6,93051,9.11,True,NOTINVOLVED_PURCHASE
19632099,l148,X4,c6,56495,10.16,True,NOTINVOLVED_PURCHASE
19649776,l22,X2,c5,88601,10.3,True,NOTINVOLVED_PURCHASE
19661479,l17,X2,c6,93786,8.2,True,NOTINVOLVED_PURCHASE
19671360,l120,X4,c6,103967,4.38,True,NOTINVOLVED_PURCHASE
19692593,l78,X2,c5,76962,8.89,True,NOTINVOLVED_PURCHASE
19734579,l74,X1,c6,67639,9.88,True,NOTINVOLVED_PURCHASE
19740874,l77,X0,c3,99259,5.71,True,NOTINVOLVED_PURCHASE
19790679,l152,X1,c5,91341,16.78,True,NOTINVOLVED_PURCHASE
19797051,l71,X1,c6,98304,5.24,True,NOTINVOLVED_PURCHASE
19824615,l153,X3,c6,86021,7.82,True,NOTINVOLVED_PURCHASE
19843050,l54,X4,c4,105065,8.51,True,NOTINVOLVED_PURCHASE
19862758,l37,X2,c6,65742,3.56,True,NOTINVOLVED_PURCHASE
19913286,l15,X6,c1,111265,2.37,True,NOTINVOLVED_PURCHASE
19918322,l128,X1,c5,53240,6.46,True,NOTINVOLVED_PURCHASE
19959343,l96,X3,c1,81787,3.15,True,NOTINVOLVED_PURCHASE
19990393,l33,X5,c1,41818,2.1,True,NOTINVOLVED_PURCHASE
20143388,l13,X3,c6,91366,6.47,True,NOTINVOLVED_PURCHASE
20391328,A5,a4,c2,118739,7.21,True,SHADOW_PURCHASE1
20664087,a4,x5,c2,118739,3.57,False,SHADOW_PURCHASE2
20682394,l24,X6,c5,75567,24.6,True,NOTINVOLVED_PURCHASE
20778139,l66,X6,c1,93214,2.25,True,NOTINVOLVED_PURCHASE
20853660,l147,X2,c1,66404,3.94,True,NOTINVOLVED_PURCHASE
20874553,l137,X6,c1,64253,3.32,True,NOTINVOLVED_PURCHASE
20875160,l14,X2,c1,71084,3.63,True,NOTINVOLVED_PURCHASE
20901084,l101,X1,c5,46334,8.03,True,NOTINVOLVED_PURCHASE
20936281,x5,X6,c2,118739,2.84,True,SHADOW_PURCHASE3
21058030,l45,X5,c1,109408,2.45,True,NOTINVOLVED_PURCHASE
21096691,l149,X1,c5,55178,22.11,True,NOTINVOLVED_PURCHASE
21124168,l11,X5,c4,40644,10.57,True,NOTINVOLVED_PURCHASE
21130702,l81,X4,c4,72835,11.59,True,NOTINVOLVED_PURCHASE
21136717,l3,X6,c4,108430,14.82,True,NOTINVOLVED_PURCHASE
21146105,l69,X1,c5,46631,24.83,True,NOTINVOLVED_PURCHASE
21150524,l146,X1,c5,85941,27.69,True,NOTINVOLVED_PURCHASE
21169981,l139,X4,c4,80524,14.03,True,NOTINVOLVED_PURCHASE
21173590,l44,X2,c1,53404,3.04,True,NOTINVOLVED_PURCHASE
21180696,l67,X6,c1,61686,3.17,True,NOTINVOLVED_PURCHASE
21228351,l143,X4,c1,56535,3.77,True,NOTINVOLVED_PURCHASE
21237434,l84,X4,c2,111584,10.02,True,NOTINVOLVED_PURCHASE
21239939,l49,X6,c1,82047,3.45,True,NOTINVOLVED_PURCHASE
21251245,l88,X3,c1,32806,2.1,True,NOTINVOLVED_PURCHASE
21257717,l98,X2,c1,115140,2.34,True,NOTINVOLVED_PURCHASE
21260256,l110,X2,c5,51956,7.58,True,NOTINVOLVED_PURCHASE
21270330,l46,X4,c4,47380,11.87,True,NOTINVOLVED_PURCHASE
21270590,l150,X1,c6,112984,8.9,True,NOTINVOLVED_PURCHASE
21287262,l29,X2,c6,117913,3.69,True,NOTINVOLVED_PURCHASE
21308229,l97,X2,c1,45625,3.6,True,NOTINVOLVED_PURCHASE
21315726,l55,X5,c1,93939,3.34,True,NOTINVOLVED_PURCHASE
21316385,l72,X2,c5,109487,17.92,True,NOTINVOLVED_PURCHASE
21323802,l60,X2,c6,73260,7.59,True,NOTINVOLVED_PURCHASE
21327985,l103,X6,c5,92359,9.88,True,NOTINVOLVED_PURCHASE
21329408,l158,X6,c1,72640,3.12,True,NOTINVOLVED_PURCHASE
21363898,l70,X3,c1,79884,2.26,True,NOTINVOLVED_PURCHASE
21364269,l100,X0,c1,113474,3.72,True,NOTINVOLVED_PURCHASE
21369321,l91,X4,c1,56491,2.41,True,NOTINVOLVED_PURCHASE
21371219,l28,X5,c4,116898,8.31,True,NOTINVOLVED_PURCHASE
21372500,l2,X6,c1,51288,2.62,True,NOTINVOLVED_PURCHASE
21372659,l52,X4,c1,40653,3.89,True,NOTINVOLVED_PURCHASE
21374558,l129,X3,c6,95083,5.14,True,NOTINVOLVED_PURCHASE
21382696,l142,X3,c6,64743,3.95,True,NOTINVOLVED_PURCHASE
21387158,l124,X6,c2,93597,7.85,True,NOTINVOLVED_PURCHASE
21388781,l25,X5,c1,34313,3.84,True,NOTINVOLVED_PURCHASE
21395692,l6,X6,c4,48263,13.98,True,NOTINVOLVED_PURCHASE
21396810,l8,X4,c6,65731,6.5,True,NOTINVOLVED_PURCHASE
21396975,l133,X6,c1,99352,2.25,True,NOTINVOLVED_PURCHASE
21410279,l123,X6,c2,82486,7.11,True,NOTINVOLVED_PURCHASE
21427967,l115,X2,c1,97016,3.54,True,NOTINVOLVED_PURCHASE
21433723,l136,X2,c1,89986,2.33,True,NOTINVOLVED_PURCHASE
21439149,l48,X2,c5,86904,17.57,True,NOTINVOLVED_PURCHASE
21441714,A2,X3,c1,88084,2.0,True,NORMAL_PURCHASE
21445773,l42,X5,c4,45407,10.63,True,NOTINVOLVED_PURCHASE
21452306,l144,X4,c1,54006,2.9,True,NOTINVOLVED_PURCHASE
21458414,A3,X1,c6,85088,8.79,True,NORMAL_PURCHASE
21467285,l138,X0,c5,50656,28.1,True,NOTINVOLVED_PURCHASE
21467549,l58,X4,c4,94569,15.11,True,NOTINVOLVED_PURCHASE
21469235,l121,X1,c5,54133,10.44,True,NOTINVOLVED_PURCHASE
21469763,l155,X3,c1,67366,2.22,True,NOTINVOLVED_PURCHASE
21479427,l85,X4,c1,117358,2.71,True,NOTINVOLVED_PURCHASE
21481846,l114,X5,c4,69600,14.29,True,NOTINVOLVED_PURCHASE
21493094,l16,X3,c6,70371,10.1,True,NOTINVOLVED_PURCHASE
21493974,l56,X5,c4,71344,9.08,True,NOTINVOLVED_PURCHASE
21501652,l130,X1,c6,71085,7.13,True,NOTINVOLVED_PURCHASE
21507812,l1,X3,c1,115829,3.15,True,NOTINVOLVED_PURCHASE
21510687,l32,X2,c1,116295,3.34,True,NOTINVOLVED_PURCHASE
21522406,l156,X4,c4,37590,7.14,True,NOTINVOLVED_PURCHASE
21534735,l73,X0,c3,77711,3.61,True,NOTINVOLVED_PURCHASE
21536454,l27,X1,c6,70197,7.89,True,NOTINVOLVED_PURCHASE
21542495,l102,X4,c6,109392,5.41,True,NOTINVOLVED_PURCHASE
21545315,l4,X2,c1,36271,2.26,True,NOTINVOLVED_PURCHASE
21545785,l41,X3,c6,66848,8.66,True,NOTINVOLVED_PURCHASE
21551207,l76,X2,c5,57168,26.34,True,NOTINVOLVED_PURCHASE
21561434,l154,X5,c1,60733,3.43,True,NOTINVOLVED_PURCHASE
21561990,l10,X1,c6,84042,6.71,True,NOTINVOLVED_PURCHASE
21563157,l62,X0,c1,114862,2.19,True,NOTINVOLVED_PURCHASE
21564085,l26,X4,c6,81985,5.72,True,NOTINVOLVED_PURCHASE
21594116,l104,X6,c4,118340,11.34,True,NOTINVOLVED_PURCHASE
21604630,l107,X6,c2,96457,10.81,True,NOTINVOLVED_PURCHASE
21611707,l31,X5,c4,112095,12.38,True,NOTINVOLVED_PURCHASE
21616209,l151,X1,c6,31048,7.37,True,NOTINVOLVED_PURCHASE
21625243,l127,X5,c4,59487,12.59,True,NOTINVOLVED_PURCHASE
21637156,A1,X2,c1,64538,2.41,True,NORMAL_PURCHASE
21639886,A7,X2,c6,45179,7.44,True,NORMAL_PURCHASE
21646929,l36,X0,c3,80845,2.2,True,NOTINVOLVED_PURCHASE
21667612,l109,X2,c1,107506,2.08,True,NOTINVOLVED_PURCHASE
21674499,l50,X5,c4,32571,8.55,True,NOTINVOLVED_PURCHASE
21690349,l82,X1,c6,90133,4.89,True,NOTINVOLVED_PURCHASE
21694255,l65,X3,c1,60997,2.41,True,NOTINVOLVED_PURCHASE
21706893,l113,X4,c2,116658,6.06,True,NOTINVOLVED_PURCHASE
21711932,l87,X0,c3,89421,2.19,True,NOTINVOLVED_PURCHASE
21715918,l39,X4,c1,107422,1.98,True,NOTINVOLVED_PURCHASE
21721577,l112,X1,c5,89613,25.85,True,NOTINVOLVED_PURCHASE
21724942,l111,X2,c6,59549,5.5,True,NOTINVOLVED_PURCHASE
21726612,l94,X6,c4,74247,15.88,True,NOTINVOLVED_PURCHASE
21727109,l95,X3,c6,102652,4.21,True,NOTINVOLVED_PURCHASE
21728453,l83,X1,c6,62561,8.24,True,NOTINVOLVED_PURCHASE
21743756,l53,X4,c6,100242,10.12,True,NOTINVOLVED_PURCHASE
21747212,l20,X0,c5,119560,21.96,True,NOTINVOLVED_PURCHASE
21748467,l5,X6,c4,70970,9.8,True,NOTINVOLVED_PURCHASE
21769396,l145,X1,c6,69133,8.78,True,NOTINVOLVED_PURCHASE
21770936,l21,X1,c5,67243,23.9,True,NOTINVOLVED_PURCHASE
21777204,l64,X1,c5,54318,22.49,True,NOTINVOLVED_PURCHASE
21788649,l140,X1,c6,103193,3.5,True,NOTINVOLVED_PURCHASE
21792532,l86,X2,c1,33296,3.44,True,NOTINVOLVED_PURCHASE
21796417,l132,X4,c1,118565,3.51,True,NOTINVOLVED_PURCHASE
21821265,l108,X6,c1,119694,2.9,True,NOTINVOLVED_PURCHASE
21822818,l122,X1,c6,55033,4.35,True,NOTINVOLVED_PURCHASE
21827053,l106,X0,c3,36184,3.81,True,NOTINVOLVED_PURCHASE
21832818,l61,X4,c1,78584,3.48,True,NOTINVOLVED_PURCHASE
21845799,l63,X0,c1,54347,2.9,True,NOTINVOLVED_PURCHASE
21848497,l134,X5,c4,74391,11.43,True,NOTINVOLVED_PURCHASE
21849222,l51,X6,c4,114422,7.38,True,NOTINVOLVED_PURCHASE
21850186,l159,X2,c6,116985,5.92,True,NOTINVOLVED_PURCHASE
21859838,l75,X1,c5,107662,18.98,True,NOTINVOLVED_PURCHASE
21862965,l89,X5,c1,67442,2.28,True,NOTINVOLVED_PURCHASE
21867552,l9,X3,c1,90794,3.02,True,NOTINVOLVED_PURCHASE
21879285,l126,X4,c1,86406,3.1,True,NOTINVOLVED_PURCHASE
21879868,l93,X2,c5,111934,24.14,True,NOTINVOLVED_PURCHASE
21896958,l38,X5,c4,65308,14.6,True,NOTINVOLVED_PURCHASE
21900039,l90,X5,c1,43406,2.87,True,NOTINVOLVED_PURCHASE
21906621,l47,X5,c1,116762,2.14,True,NOTINVOLVED_PURCHASE
21923091,l116,X2,c6,43391,5.36,True,NOTINVOLVED_PURCHASE
21926554,A0,a0,c3,71169,3.26,True,SHADOW_PURCHASE1
21935034,l30,X5,c1,39674,2.64,True,NOTINVOLVED_PURCHASE
21937057,A6,a5,c4,66887,9.09,True,SHADOW_PURCHASE1
21942712,l0,X4,c1,104895,3.46,True,NOTINVOLVED_PURCHASE
21944485,l43,X4,c1,93900,2.61,True,NOTINVOLVED_PURCHASE
21951535,l68,X1,c6,63080,5.35,True,NOTINVOLVED_PURCHASE
21956998,l40,X6,c1,51458,3.8,True,NOTINVOLVED_PURCHASE
21964864,l125,X3,c6,39240,9.82,True,NOTINVOLVED_PURCHASE
21979038,l34,X4,c4,31400,9.42,True,NOTINVOLVED_PURCHASE
21980168,l23,X3,c6,45855,7.31,True,NOTINVOLVED_PURCHASE
21995907,l118,X5,c4,58080,13.3,True,NOTINVOLVED_PURCHASE
22028270,l79,X2,c1,51009,2.28,True,NOTINVOLVED_PURCHASE
22060494,l57,X0,c1,119871,2.38,True,NOTINVOLVED_PURCHASE
22065375,l7,X5,c4,92765,6.67,True,NOTINVOLVED_PURCHASE
22126251,l157,X6,c5,106796,17.85,True,NOTINVOLVED_PURCHASE
22130562,l59,X0,c4,105741,11.91,True,NOTINVOLVED_PURCHASE
22136694,l17,X6,c4,112396,14.61,True,NOTINVOLVED_PURCHASE
22151097,l92,X4,c2,94748,8.19,True,NOTINVOLVED_PURCHASE
22153975,l99,X2,c6,30770,9.43,True,NOTINVOLVED_PURCHASE
22162018,l135,X6,c5,38891,27.58,True,NOTINVOLVED_PURCHASE
22165249,l117,X4,c1,31487,3.28,True,NOTINVOLVED_PURCHASE
22171649,l105,X0,c1,97729,2.9,True,NOTINVOLVED_PURCHASE
22171883,l80,X6,c2,43596,7.74,True,NOTINVOLVED_PURCHASE
22179913,a5,x5,c4,66887,5.34,False,SHADOW_PURCHASE2
22194210,l141,X2,c5,43508,9.97,True,NOTINVOLVED_PURCHASE
22200204,a0,x3,c3,71169,1.6,False,SHADOW_PURCHASE2
22253662,l18,X0,c4,85795,14.8,True,NOTINVOLVED_PURCHASE
22260468,l120,X4,c1,113103,2.36,True,NOTINVOLVED_PURCHASE
22263878,l131,X2,c5,64608,21.83,True,NOTINVOLVED_PURCHASE
22264168,l148,X6,c2,107601,9.68,True,NOTINVOLVED_PURCHASE
22286911,l35,X2,c1,49732,2.16,True,NOTINVOLVED_PURCHASE
22305843,l119,X3,c6,46572,6.39,True,NOTINVOLVED_PURCHASE
22339919,A4,X6,c1,77122,3.81,True,NORMAL_PURCHASE
22362902,l12,X0,c5,83210,8.27,True,NOTINVOLVED_PURCHASE
22372747,l78,X4,c4,60896,6.09,True,NOTINVOLVED_PURCHASE
22398875,l22,X0,c4,33223,5.91,True,NOTINVOLVED_PURCHASE
22406882,l19,X6,c2,107916,11.51,True,NOTINVOLVED_PURCHASE
22415746,l153,X2,c5,108246,22.38,True,NOTINVOLVED_PURCHASE
22426942,l74,X2,c6,91724,10.64,True,NOTINVOLVED_PURCHASE
22446965,l77,X0,c4,119669,15.2,True,NOTINVOLVED_PURCHASE
22454932,x3,X0,c3,71169,1.0,True,SHADOW_PURCHASE3
22464823,x5,X0,c4,66887,4.09,True,SHADOW_PURCHASE3
22466746,l71,X1,c5,56159,9.39,True,NOTINVOLVED_PURCHASE
22491439,l37,X6,c4,43552,15.44,True,NOTINVOLVED_PURCHASE
22590736,l33,X4,c4,101018,7.45,True,NOTINVOLVED_PURCHASE
22602790,l15,X0,c3,86868,5.65,True,NOTINVOLVED_PURCHASE
22617438,l152,X1,c6,118928,5.32,True,NOTINVOLVED_PURCHASE
22678628,l128,X2,c5,59101,21.5,True,NOTINVOLVED_PURCHASE
22695892,l54,X6,c2,61168,8.85,True,NOTINVOLVED_PURCHASE
22782514,A5,X4,c6,62241,9.86,True,NORMAL_PURCHASE
22784402,l96,X4,c6,89487,8.85,True,NOTINVOLVED_PURCHASE
22800478,l13,X3,c1,90250,2.24,True,NOTINVOLVED_PURCHASE
23219267,l24,X1,c5,89262,9.23,True,NOTINVOLVED_PURCHASE
23395575,l66,X6,c2,111362,10.64,True,NOTINVOLVED_PURCHASE
23500485,l147,X6,c5,106079,16.49,True,NOTINVOLVED_PURCHASE
23544621,l3,X6,c1,39351,2.08,True,NOTINVOLVED_PURCHASE
23566595,l137,X1,c6,50686,6.75,True,NOTINVOLVED_PURCHASE
23580558,l146,X1,c6,87549,4.78,True,NOTINVOLVED_PURCHASE
23607386,l139,X4,c6,96548,8.74,True,NOTINVOLVED_PURCHASE
23632820,l14,X0,c5,81446,18.03,True,NOTINVOLVED_PURCHASE
23649437,l88,X0,c4,48198,12.77,True,NOTINVOLVED_PURCHASE
23683552,l72,X2,c5,115994,22.64,True,NOTINVOLVED_PURCHASE
23689239,l46,X4,c6,119311,5.99,True,NOTINVOLVED_PURCHASE
23712413,l84,X6,c5,37237,13.62,True,NOTINVOLVED_PURCHASE
23719538,l97,X5,c4,110627,7.79,True,NOTINVOLVED_PURCHASE
23752669,l101,X1,c6,92179,7.15,True,NOTINVOLVED_PURCHASE
23773590,l52,X4,c4,115635,6.11,True,NOTINVOLVED_PURCHASE
23779476,l81,X3,c6,83063,3.3,True,NOTINVOLVED_PURCHASE
23789486,l133,X2,c5,65242,25.15,True,NOTINVOLVED_PURCHASE
23795488,l149,X1,c6,54571,6.72,True,NOTINVOLVED_PURCHASE
23799194,l67,X6,c5,97484,12.77,True,NOTINVOLVED_PURCHASE
23808840,l91,X3,c1,45785,3.3,True,NOTINVOLVED_PURCHASE
23838565,l143,X2,c6,112432,2.76,True,NOTINVOLVED_PURCHASE
23839896,l55,X6,c2,51513,7.27,True,NOTINVOLVED_PURCHASE
23849173,l44,X2,c6,100037,8.01,True,NOTINVOLVED_PURCHASE
23857598,l115,X1,c5,106711,26.92,True,NOTINVOLVED_PURCHASE
23860349,l150,X2,c5,93938,16.02,True,NOTINVOLVED_PURCHASE
23870225,l69,X1,c6,85205,8.19,True,NOTINVOLVED_PURCHASE
23875533,l11,X4,c6,62648,7.9,True,NOTINVOLVED_PURCHASE
23885879,A2,a2,c5,57380,13.3,True,SHADOW_PURCHASE1
23901023,l100,X0,c1,117232,3.07,True,NOTINVOLVED_PURCHASE
23907697,l45,X6,c2,82632,11.03,True,NOTINVOLVED_PURCHASE
23911816,l110,X5,c1,34655,2.34,True,NOTINVOLVED_PURCHASE
23913129,l124,X6,c5,75667,22.03,True,NOTINVOLVED_PURCHASE
23916023,A3,X5,c4,79289,6.44,True,NORMAL_PURCHASE
23922904,l114,X2,c6,65169,6.55,True,NOTINVOLVED_PURCHASE
23932011,l8,X0,c4,96296,5.85,True,NOTINVOLVED_PURCHASE
23934572,l136,X3,c1,72343,3.81,True,NOTINVOLVED_PURCHASE
23949594,l70,X1,c6,93053,3.7,True,NOTINVOLVED_PURCHASE
23950350,l129,X2,c1,119270,3.41,True,NOTINVOLVED_PURCHASE
23967143,l60,X5,c1,69645,3.42,True,NOTINVOLVED_PURCHASE
23976510,l158,X1,c6,74077,9.13,True,NOTINVOLVED_PURCHASE
23986435,l28,X2,c5,57829,13.64,True,NOTINVOLVED_PURCHASE
24001141,l138,X5,c1,63923,3.25,True,NOTINVOLVED_PURCHASE
24001347,l151,X2,c6,41826,3.8,True,NOTINVOLVED_PURCHASE
24004876,l49,X0,c5,81443,14.81,True,NOTINVOLVED_PURCHASE
24028735,l62,X3,c1,72236,2.56,True,NOTINVOLVED_PURCHASE
24036426,l42,X2,c6,51677,4.65,True,NOTINVOLVED_PURCHASE
24050110,l73,X0,c1,101154,3.77,True,NOTINVOLVED_PURCHASE
24051198,l76,X0,c5,98717,25.4,True,NOTINVOLVED_PURCHASE
24054890,l103,X6,c1,88895,3.35,True,NOTINVOLVED_PURCHASE
24055740,l16,X3,c1,92591,3.7,True,NOTINVOLVED_PURCHASE
24062391,l142,X0,c5,46370,24.6,True,NOTINVOLVED_PURCHASE
24071252,l50,X5,c1,35892,3.04,True,NOTINVOLVED_PURCHASE
24072738,l4,X5,c1,97443,3.94,True,NOTINVOLVED_PURCHASE
24073371,l123,X3,c1,75678,2.36,True,NOTINVOLVED_PURCHASE
24096897,l107,X6,c5,66534,25.66,True,NOTINVOLVED_PURCHASE
24103659,l111,X0,c5,111832,7.95,True,NOTINVOLVED_PURCHASE
24113156,l82,X1,c5,90508,23.18,True,NOTINVOLVED_PURCHASE
24115230,l26,X5,c4,62694,15.21,True,NOTINVOLVED_PURCHASE
24130972,l98,X5,c1,89213,3.41,True,NOTINVOLVED_PURCHASE
24141685,l31,X3,c6,114095,4.46,True,NOTINVOLVED_PURCHASE
24146537,l6,X0,c4,56577,14.03,True,NOTINVOLVED_PURCHASE
24149843,l29,X5,c4,97984,12.43,True,NOTINVOLVED_PURCHASE
24159001,l58,X1,c5,93544,23.78,True,NOTINVOLVED_PURCHASE
24162439,a2,x3,c5,57380,5.34,False,SHADOW_PURCHASE2
24163628,l104,X5,c4,84297,8.13,True,NOTINVOLVED_PURCHASE
24169101,l25,X2,c6,67694,7.55,True,NOTINVOLVED_PURCHASE
24174029,l102,X0,c5,43492,11.67,True,NOTINVOLVED_PURCHASE
24176242,l113,X1,c6,107025,4.05,True,NOTINVOLVED_PURCHASE
24182418,l127,X4,c2,71879,13.15,True,NOTINVOLVED_PURCHASE
24188184,l1,X4,c1,66372,3.65,True,NOTINVOLVED_PURCHASE
24189388,l154,X4,c6,77288,9.86,True,NOTINVOLVED_PURCHASE
24196741,l2,X1,c5,63019,7.03,True,NOTINVOLVED_PURCHASE
24203824,l36,X0,c5,96023,28.11,True,NOTINVOLVED_PURCHASE
24206262,l122,X2,c5,85412,26.65,True,NOTINVOLVED_PURCHASE
24212658,l27,X3,c1,114405,3.3,True,NOTINVOLVED_PURCHASE
24213636,l144,X2,c6,86063,3.33,True,NOTINVOLVED_PURCHASE
24233203,l41,X2,c1,85754,3.6,True,NOTINVOLVED_PURCHASE
24240630,l64,X1,c5,99336,6.88,True,NOTINVOLVED_PURCHASE
24244712,A1,a0,c1,113781,3.74,True,SHADOW_PURCHASE1
24246603,l10,X6,c2,58052,5.85,True,NOTINVOLVED_PURCHASE
24250146,l140,X5,c1,110335,2.01,True,NOTINVOLVED_PURCHASE
24258664,l155,X3,c1,61266,2.74,True,NOTINVOLVED_PURCHASE
24260148,l21,X5,c1,119313,2.3,True,NOTINVOLVED_PURCHASE
24261839,l95,X3,c1,35094,2.76,True,NOTINVOLVED_PURCHASE
24270841,l75,X1,c5,112403,14.14,True,NOTINVOLVED_PURCHASE
24284188,l56,X5,c4,74196,15.22,True,NOTINVOLVED_PURCHASE
24302819,A7,a2,c1,102536,2.5,True,SHADOW_PURCHASE1
24304090,l32,X0,c4,109973,16.62,True,NOTINVOLVED_PURCHASE
24309770,l121,X3,c1,86849,2.68,True,NOTINVOLVED_PURCHASE
24309832,l94,X5,c1,48662,2.31,True,NOTINVOLVED_PURCHASE
24322909,l48,X2,c5,93398,10.69,True,NOTINVOLVED_PURCHASE
24334558,l47,X5,c1,42089,2.04,True,NOTINVOLVED_PURCHASE
24348419,l23,X0,c3,73833,3.88,True,NOTINVOLVED_PURCHASE
24355942,l109,X0,c5,36602,22.5,True,NOTINVOLVED_PURCHASE
24360916,l39,X5,c1,102050,2.61,True,NOTINVOLVED_PURCHASE
24361215,l130,X5,c1,116869,3.94,True,NOTINVOLVED_PURCHASE
24363090,l85,X5,c4,63899,5.58,True,NOTINVOLVED_PURCHASE
24366234,l145,X5,c1,46484,2.17,True,NOTINVOLVED_PURCHASE
24370054,l134,X0,c5,103418,20.37,True,NOTINVOLVED_PURCHASE
24384609,l156,X4,c6,57651,5.43,True,NOTINVOLVED_PURCHASE
24389689,l106,X3,c1,78511,2.55,True,NOTINVOLVED_PURCHASE
24390341,l63,X1,c5,119894,22.49,True,NOTINVOLVED_PURCHASE
24397631,l9,X1,c5,97370,11.23,True,NOTINVOLVED_PURCHASE
24402699,x3,X0,c5,57380,2.29,True,SHADOW_PURCHASE3
24414940,l53,X4,c2,56235,9.33,True,NOTINVOLVED_PURCHASE
24428832,l30,X1,c6,61050,8.6,True,NOTINVOLVED_PURCHASE
24434436,l86,X5,c4,45714,14.5,True,NOTINVOLVED_PURCHASE
24436373,l61,X1,c6,64937,3.95,True,NOTINVOLVED_PURCHASE
24439482,l132,X2,c1,86681,3.88,True,NOTINVOLVED_PURCHASE
24450315,l112,X1,c6,90903,6.17,True,NOTINVOLVED_PURCHASE
24450774,l40,X0,c1,51832,3.83,True,NOTINVOLVED_PURCHASE
24454118,l65,X4,c1,77191,3.29,True,NOTINVOLVED_PURCHASE
24463936,l68,X3,c1,53289,2.99,True,NOTINVOLVED_PURCHASE
24466909,l79,X2,c1,63159,3.02,True,NOTINVOLVED_PURCHASE
24486034,l159,X2,c1,97598,2.91,True,NOTINVOLVED_PURCHASE
24520374,a0,x0,c1,113781,3.33,False,SHADOW_PURCHASE2
24532759,l5,X6,c1,89069,2.02,True,NOTINVOLVED_PURCHASE
24533150,l108,X0,c1,49282,3.72,True,NOTINVOLVED_PURCHASE
24541750,l93,X1,c6,54802,9.58,True,NOTINVOLVED_PURCHASE
24545081,a2,x3,c1,102536,2.4,False,SHADOW_PURCHASE2
24545190,l38,X6,c2,62524,7.05,True,NOTINVOLVED_PURCHASE
24546181,A0,X4,c1,107041,2.17,True,NORMAL_PURCHASE
24558295,l83,X3,c6,30581,7.21,True,NOTINVOLVED_PURCHASE
24572888,l87,X1,c6,55831,4.34,True,NOTINVOLVED_PURCHASE
24575432,l57,X4,c2,102154,5.7,True,NOTINVOLVED_PURCHASE
24577425,l117,X0,c4,47225,6.04,True,NOTINVOLVED_PURCHASE
24582586,l99,X5,c4,76579,15.72,True,NOTINVOLVED_PURCHASE
24584304,l34,X3,c1,56014,2.41,True,NOTINVOLVED_PURCHASE
24589934,l141,X2,c1,98264,3.87,True,NOTINVOLVED_PURCHASE
24604153,l20,X4,c4,115011,5.37,True,NOTINVOLVED_PURCHASE
24611516,l105,X0,c4,40605,10.34,True,NOTINVOLVED_PURCHASE
24674623,l148,X0,c5,118003,21.53,True,NOTINVOLVED_PURCHASE
24690230,l125,X3,c1,41768,3.56,True,NOTINVOLVED_PURCHASE
24697033,l18,X5,c4,45693,15.03,True,NOTINVOLVED_PURCHASE
24709473,A4,a2,c6,57271,8.83,True,SHADOW_PURCHASE1
24714976,l89,X4,c1,65883,2.84,True,NOTINVOLVED_PURCHASE
24738091,l51,X4,c6,112396,8.25,True,NOTINVOLVED_PURCHASE
24740436,l126,X4,c4,61225,7.48,True,NOTINVOLVED_PURCHASE
24744373,l92,X0,c5,77300,22.21,True,NOTINVOLVED_PURCHASE
24761733,l116,X6,c1,39423,2.49,True,NOTINVOLVED_PURCHASE
24764872,l90,X6,c4,88281,8.02,True,NOTINVOLVED_PURCHASE
24776529,l43,X0,c1,83733,2.72,True,NOTINVOLVED_PURCHASE
24777600,l118,X4,c4,57091,11.98,True,NOTINVOLVED_PURCHASE
24780065,A6,X0,c1,74893,3.68,True,NORMAL_PURCHASE
24784023,x3,X5,c1,102536,1.4,True,SHADOW_PURCHASE3
24784030,l157,X4,c4,58236,15.89,True,NOTINVOLVED_PURCHASE
24805273,x0,X2,c1,113781,2.31,True,SHADOW_PURCHASE3
24815905,l0,X4,c1,47095,2.14,True,NOTINVOLVED_PURCHASE
24816448,l131,X6,c4,59021,13.04,True,NOTINVOLVED_PURCHASE
24870851,l135,X2,c1,39102,3.18,True,NOTINVOLVED_PURCHASE
24904358,l7,X4,c2,43699,4.9,True,NOTINVOLVED_PURCHASE
24951634,l59,X2,c1,79006,2.48,True,NOTINVOLVED_PURCHASE
24956345,a2,x3,c6,57271,4.87,False,SHADOW_PURCHASE2
24984523,l33,X4,c1,64172,2.94,True,NOTINVOLVED_PURCHASE
24989440,l17,X5,c4,62079,5.69,True,NOTINVOLVED_PURCHASE
25024362,l80,X2,c5,45477,10.74,True,NOTINVOLVED_PURCHASE
25037869,l120,X3,c6,87976,3.09,True,NOTINVOLVED_PURCHASE
25067900,l119,X3,c1,42051,2.55,True,NOTINVOLVED_PURCHASE
25095849,l77,X0,c5,56424,18.82,True,NOTINVOLVED_PURCHASE
25129640,l71,X1,c6,56318,7.59,True,NOTINVOLVED_PURCHASE
25134723,l128,X5,c4,92416,11.69,True,NOTINVOLVED_PURCHASE
25144313,l35,X0,c4,38580,13.0,True,NOTINVOLVED_PURCHASE
25151102,l19,X1,c5,107915,19.91,True,NOTINVOLVED_PURCHASE
25160034,l74,X1,c6,38375,5.27,True,NOTINVOLVED_PURCHASE
25194333,l152,X3,c1,68451,3.08,True,NOTINVOLVED_PURCHASE
25207113,l37,X4,c2,97524,7.99,True,NOTINVOLVED_PURCHASE
25213299,l153,X3,c6,81452,9.93,True,NOTINVOLVED_PURCHASE
25215242,l12,X1,c6,92216,5.7,True,NOTINVOLVED_PURCHASE
25223649,l78,X4,c4,114939,16.12,True,NOTINVOLVED_PURCHASE
25229388,l22,X2,c6,100421,6.34,True,NOTINVOLVED_PURCHASE
25229866,x3,X1,c6,57271,3.97,True,SHADOW_PURCHASE3
25298964,l13,X5,c4,49063,16.2,True,NOTINVOLVED_PURCHASE
25402711,l54,X3,c1,39810,1.99,True,NOTINVOLVED_PURCHASE
25415887,l15,X4,c1,103764,2.89,True,NOTINVOLVED_PURCHASE
25534156,l96,X0,c5,109477,22.29,True,NOTINVOLVED_PURCHASE
25639354,A5,X1,c5,78876,12.48,True,NORMAL_PURCHASE
25948647,l66,X2,c5,78313,8.3,True,NOTINVOLVED_PURCHASE
26045878,l137,X1,c5,35330,8.47,True,NOTINVOLVED_PURCHASE
26048490,l24,X6,c5,55375,8.22,True,NOTINVOLVED_PURCHASE
26090190,l88,X4,c1,53543,3.98,True,NOTINVOLVED_PURCHASE
26158223,l3,X4,c6,65973,6.21,True,NOTINVOLVED_PURCHASE
26162001,l139,X6,c5,86336,15.81,True,NOTINVOLVED_PURCHASE
26206241,l46,X4,c1,68358,2.06,True,NOTINVOLVED_PURCHASE
26208786,l101,X4,c1,63118,3.34,True,NOTINVOLVED_PURCHASE
26229073,l143,X6,c5,99269,11.37,True,NOTINVOLVED_PURCHASE
26244338,l133,X1,c6,72558,8.46,True,NOTINVOLVED_PURCHASE
26248550,l69,X1,c5,90105,25.74,True,NOTINVOLVED_PURCHASE
26277784,l55,X6,c1,99695,3.88,True,NOTINVOLVED_PURCHASE
26296699,l72,X6,c2,75425,6.98,True,NOTINVOLVED_PURCHASE
26305718,l91,X0,c4,88063,6.08,True,NOTINVOLVED_PURCHASE
26306151,l110,X5,c1,65873,2.52,True,NOTINVOLVED_PURCHASE
26311285,l136,X2,c1,65170,2.68,True,NOTINVOLVED_PURCHASE
26317101,l81,X1,c6,114499,8.35,True,NOTINVOLVED_PURCHASE
26355322,A3,a1,c3,93865,5.32,True,SHADOW_PURCHASE1
26355346,l97,X2,c6,39770,4.84,True,NOTINVOLVED_PURCHASE
26377937,l147,X2,c1,87724,3.53,True,NOTINVOLVED_PURCHASE
26392325,l150,X0,c1,82371,3.08,True,NOTINVOLVED_PURCHASE
26404003,l146,X2,c6,49532,9.05,True,NOTINVOLVED_PURCHASE
26412059,l62,X6,c5,61818,8.57,True,NOTINVOLVED_PURCHASE
26427065,l14,X6,c4,32645,15.44,True,NOTINVOLVED_PURCHASE
26430100,l129,X3,c6,118684,7.97,True,NOTINVOLVED_PURCHASE
26442140,l123,X5,c4,84617,8.9,True,NOTINVOLVED_PURCHASE
26442612,l138,X0,c3,93497,2.6,True,NOTINVOLVED_PURCHASE
26448741,l28,X2,c1,95753,2.84,True,NOTINVOLVED_PURCHASE
26460203,l115,X2,c1,49530,2.5,True,NOTINVOLVED_PURCHASE
26465535,l11,X5,c4,93975,13.96,True,NOTINVOLVED_PURCHASE
26490609,A2,X2,c5,98197,8.95,True,NORMAL_PURCHASE
26492693,l149,X2,c5,54523,24.14,True,NOTINVOLVED_PURCHASE
26497864,l52,X2,c6,78238,8.95,True,NOTINVOLVED_PURCHASE
26507375,l103,X5,c4,101989,11.74,True,NOTINVOLVED_PURCHASE
26524526,l50,X1,c6,47985,6.13,True,NOTINVOLVED_PURCHASE
26537133,l16,X4,c4,111232,5.78,True,NOTINVOLVED_PURCHASE
26546921,l44,X3,c6,98109,7.54,True,NOTINVOLVED_PURCHASE
26549358,l67,X5,c4,55921,10.19,True,NOTINVOLVED_PURCHASE
26566713,l100,X1,c6,79057,7.95,True,NOTINVOLVED_PURCHASE
26569940,l151,X2,c1,44424,2.32,True,NOTINVOLVED_PURCHASE
26581848,l84,X6,c5,53265,24.2,True,NOTINVOLVED_PURCHASE
26583461,l73,X2,c6,60906,9.61,True,NOTINVOLVED_PURCHASE
26603779,l124,X3,c1,82864,3.42,True,NOTINVOLVED_PURCHASE
26606968,a1,x3,c3,93865,4.58,False,SHADOW_PURCHASE2
26630866,l142,X3,c1,93501,2.54,True,NOTINVOLVED_PURCHASE
26631632,l158,X4,c1,61434,3.89,True,NOTINVOLVED_PURCHASE
26641254,l60,X2,c6,107748,10.65,True,NOTINVOLVED_PURCHASE
26662968,l82,X0,c4,112421,7.72,True,NOTINVOLVED_PURCHASE
