timestamp,buyer,seller,component,qty,price,traced,eventType
303517,l1,X6,c5,110591,21.16,True,NOTINVOLVED_PURCHASE
303875,l8,X6,c4,60835,9.31,True,NOTINVOLVED_PURCHASE
304242,l72,X5,c5,30830,17.28,True,NOTINVOLVED_PURCHASE
304497,A2,a4,c1,32337,2.39,True,SHADOW_PURCHASE1
312564,A6,X5,c5,70218,12.07,True,NORMAL_PURCHASE
320661,l77,X5,c2,115181,5.7,True,NOTINVOLVED_PURCHASE
334274,l26,X4,c1,88588,2.74,True,NOTINVOLVED_PURCHASE
336020,l18,X6,c5,42729,15.61,True,NOTINVOLVED_PURCHASE
343747,l49,X4,c1,77388,2.46,True,NOTINVOLVED_PURCHASE
358801,l19,X4,c1,40394,3.81,True,NOTINVOLVED_PURCHASE
372766,l14,X6,c4,35284,10.47,True,NOTINVOLVED_PURCHASE
382086,l9,X3,c5,96488,23.91,True,NOTINVOLVED_PURCHASE
384130,l76,X0,c5,94441,21.65,True,NOTINVOLVED_PURCHASE
385350,l20,X2,c5,98577,7.0,True,NOTINVOLVED_PURCHASE
391751,l46,X0,c1,38844,3.87,True,NOTINVOLVED_PURCHASE
394758,l45,X4,c1,73143,3.3,True,NOTINVOLVED_PURCHASE
404461,l16,X6,c4,113316,13.43,True,NOTINVOLVED_PURCHASE
420365,l43,X3,c2,50039,11.74,True,NOTINVOLVED_PURCHASE
422958,l25,X2,c2,108110,11.8,True,NOTINVOLVED_PURCHASE
423079,A4,X3,c1,64760,2.03,True,NORMAL_PURCHASE
423191,l30,X3,c1,31238,2.09,True,NOTINVOLVED_PURCHASE
427988,l28,X2,c5,81733,18.95,True,NOTINVOLVED_PURCHASE
433056,l63,X2,c6,80019,4.71,True,NOTINVOLVED_PURCHASE
434141,l27,X1,c4,66583,7.87,True,NOTINVOLVED_PURCHASE
436250,l35,X1,c4,75987,8.06,True,NOTINVOLVED_PURCHASE
437114,l11,X0,c1,118774,3.72,True,NOTINVOLVED_PURCHASE
463339,l53,X3,c5,51543,23.98,True,NOTINVOLVED_PURCHASE
463827,l44,X3,c2,96677,9.01,True,NOTINVOLVED_PURCHASE
467805,l67,X2,c2,55964,12.86,True,NOTINVOLVED_PURCHASE
481297,l40,X4,c1,95419,2.93,True,NOTINVOLVED_PURCHASE
490682,l52,X4,c1,40127,2.15,True,NOTINVOLVED_PURCHASE
496017,l5,X5,c2,59584,10.22,True,NOTINVOLVED_PURCHASE
502735,l74,X3,c2,113323,6.88,True,NOTINVOLVED_PURCHASE
512766,l61,X2,c4,84578,15.94,True,NOTINVOLVED_PURCHASE
525462,l36,X1,c4,69047,13.85,True,NOTINVOLVED_PURCHASE
528618,l41,X2,c5,73771,21.46,True,NOTINVOLVED_PURCHASE
535228,l34,X4,c3,90988,4.49,True,NOTINVOLVED_PURCHASE
539464,l79,X0,c4,114745,6.9,True,NOTINVOLVED_PURCHASE
551321,l10,X3,c1,100063,2.15,True,NOTINVOLVED_PURCHASE
552288,a4,x5,c1,32337,2.04,False,SHADOW_PURCHASE2
554382,l17,X2,c4,118820,13.93,True,NOTINVOLVED_PURCHASE
559483,l24,X0,c1,78639,3.27,True,NOTINVOLVED_PURCHASE
561922,A3,X2,c6,52324,8.57,True,NORMAL_PURCHASE
601070,l69,X3,c1,94816,3.25,True,NOTINVOLVED_PURCHASE
612262,l62,X1,c4,53614,7.58,True,NOTINVOLVED_PURCHASE
615864,l48,X3,c1,87529,3.39,True,NOTINVOLVED_PURCHASE
633971,l31,X6,c4,72458,7.37,True,NOTINVOLVED_PURCHASE
635774,l23,X3,c5,47426,8.5,True,NOTINVOLVED_PURCHASE
641297,l22,X3,c5,119426,6.24,True,NOTINVOLVED_PURCHASE
649128,l59,X0,c2,52281,5.5,True,NOTINVOLVED_PURCHASE
651532,l39,X3,c2,52444,6.18,True,NOTINVOLVED_PURCHASE
656342,l0,X3,c5,56873,11.77,True,NOTINVOLVED_PURCHASE
658004,l75,X6,c4,68223,13.03,True,NOTINVOLVED_PURCHASE
667506,l54,X3,c2,109627,6.1,True,NOTINVOLVED_PURCHASE
667656,l50,X0,c1,98818,2.64,True,NOTINVOLVED_PURCHASE
669291,l29,X5,c5,77248,26.95,True,NOTINVOLVED_PURCHASE
675181,l32,X5,c5,43601,24.2,True,NOTINVOLVED_PURCHASE
681423,l12,X2,c2,103322,9.09,True,NOTINVOLVED_PURCHASE
683363,l42,X6,c5,66464,9.83,True,NOTINVOLVED_PURCHASE
683840,l37,X6,c4,104778,13.13,True,NOTINVOLVED_PURCHASE
696699,A0,a5,c5,114179,16.47,True,SHADOW_PURCHASE1
698820,l38,X6,c2,60221,11.34,True,NOTINVOLVED_PURCHASE
702352,l66,X4,c1,47642,2.87,True,NOTINVOLVED_PURCHASE
707362,l78,X1,c4,105338,7.6,True,NOTINVOLVED_PURCHASE
712983,l47,X6,c4,64305,10.34,True,NOTINVOLVED_PURCHASE
713356,l3,X1,c4,52641,8.24,True,NOTINVOLVED_PURCHASE
719362,l70,X4,c1,107885,2.39,True,NOTINVOLVED_PURCHASE
721687,l2,X0,c5,79730,19.93,True,NOTINVOLVED_PURCHASE
734894,l7,X5,c2,103713,7.74,True,NOTINVOLVED_PURCHASE
741144,l4,X0,c1,55625,3.53,True,NOTINVOLVED_PURCHASE
743057,l6,X4,c3,92372,3.56,True,NOTINVOLVED_PURCHASE
754800,A7,X0,c2,47701,7.19,True,NORMAL_PURCHASE
763117,l13,X4,c1,68859,2.64,True,NOTINVOLVED_PURCHASE
782168,l51,X1,c6,39188,3.91,True,NOTINVOLVED_PURCHASE
788400,A5,X4,c1,50574,2.59,True,NORMAL_PURCHASE
801425,l57,X1,c6,62589,2.92,True,NOTINVOLVED_PURCHASE
808792,l65,X0,c4,100178,12.43,True,NOTINVOLVED_PURCHASE
810697,l21,X4,c3,78899,3.65,True,NOTINVOLVED_PURCHASE
814164,l60,X4,c1,47933,2.7,True,NOTINVOLVED_PURCHASE
814891,l58,X5,c2,83446,12.18,True,NOTINVOLVED_PURCHASE
815041,x5,X4,c1,32337,1.54,True,SHADOW_PURCHASE3
816600,l64,X5,c5,34259,22.16,True,NOTINVOLVED_PURCHASE
845392,l73,X4,c1,87029,2.39,True,NOTINVOLVED_PURCHASE
851938,A1,X4,c1,32660,2.14,True,NORMAL_PURCHASE
855107,l68,X6,c5,60846,23.64,True,NOTINVOLVED_PURCHASE
870208,l33,X6,c4,118457,14.36,True,NOTINVOLVED_PURCHASE
870526,l15,X3,c5,37655,25.43,True,NOTINVOLVED_PURCHASE
874351,l56,X5,c2,101699,12.09,True,NOTINVOLVED_PURCHASE
876906,l71,X6,c5,70677,21.69,True,NOTINVOLVED_PURCHASE
890284,l55,X0,c5,80381,27.96,True,NOTINVOLVED_PURCHASE
975129,a5,x1,c5,114179,13.81,False,SHADOW_PURCHASE2
1232196,x1,X3,c5,114179,5.08,True,SHADOW_PURCHASE3
2737825,A2,X5,c5,118616,23.46,True,NORMAL_PURCHASE
2801535,l76,X1,c6,55036,6.17,True,NOTINVOLVED_PURCHASE
2818693,l27,X0,c2,52286,12.01,True,NOTINVOLVED_PURCHASE
2889291,l67,X4,c1,89020,2.33,True,NOTINVOLVED_PURCHASE
2894127,l19,X0,c1,90717,2.43,True,NOTINVOLVED_PURCHASE
2898526,l25,X0,c2,30419,3.52,True,NOTINVOLVED_PURCHASE
2911890,l30,X4,c3,92297,4.61,True,NOTINVOLVED_PURCHASE
2915764,A4,X3,c1,70282,2.21,True,NORMAL_PURCHASE
2929347,l16,X3,c1,82203,2.03,True,NOTINVOLVED_PURCHASE
2934789,l61,X0,c4,72757,8.74,True,NOTINVOLVED_PURCHASE
2945980,l8,X4,c1,57657,2.06,True,NOTINVOLVED_PURCHASE
2950455,l72,X5,c2,32080,5.07,True,NOTINVOLVED_PURCHASE
2952514,l1,X6,c4,30541,8.32,True,NOTINVOLVED_PURCHASE
2956033,l53,X2,c5,68106,19.97,True,NOTINVOLVED_PURCHASE
2956328,l46,X1,c6,117809,7.21,True,NOTINVOLVED_PURCHASE
2967254,l63,X2,c5,92860,13.62,True,NOTINVOLVED_PURCHASE
2967403,l9,X6,c5,39033,13.87,True,NOTINVOLVED_PURCHASE
2970670,l10,X2,c6,46149,6.51,True,NOTINVOLVED_PURCHASE
2992974,l28,X0,c5,47826,18.86,True,NOTINVOLVED_PURCHASE
3005726,A6,X0,c4,42588,10.47,True,NORMAL_PURCHASE
3015306,l69,X4,c3,81267,4.82,True,NOTINVOLVED_PURCHASE
3032550,l17,X3,c2,42934,5.95,True,NOTINVOLVED_PURCHASE
3037071,l36,X2,c6,100873,8.7,True,NOTINVOLVED_PURCHASE
3049500,l5,X5,c2,61801,9.24,True,NOTINVOLVED_PURCHASE
3049554,l59,X1,c6,88547,9.37,True,NOTINVOLVED_PURCHASE
3049959,l18,X2,c6,89713,8.34,True,NOTINVOLVED_PURCHASE
3061965,l40,X0,c5,47632,25.86,True,NOTINVOLVED_PURCHASE
3065845,l42,X1,c4,35610,7.14,True,NOTINVOLVED_PURCHASE
3067695,A3,a0,c1,112883,3.81,True,SHADOW_PURCHASE1
3068124,l74,X3,c1,60054,2.06,True,NOTINVOLVED_PURCHASE
3071148,l26,X0,c2,72890,4.27,True,NOTINVOLVED_PURCHASE
3077910,l34,X6,c4,85560,14.97,True,NOTINVOLVED_PURCHASE
3096447,l49,X5,c2,105638,8.06,True,NOTINVOLVED_PURCHASE
3101725,l31,X0,c2,63479,5.1,True,NOTINVOLVED_PURCHASE
3112903,l43,X0,c1,80568,2.45,True,NOTINVOLVED_PURCHASE
3133251,l77,X6,c2,81079,4.36,True,NOTINVOLVED_PURCHASE
3147820,l37,X6,c5,115389,20.63,True,NOTINVOLVED_PURCHASE
3150814,l78,X1,c6,107723,7.03,True,NOTINVOLVED_PURCHASE
3159188,l7,X6,c2,70785,10.0,True,NOTINVOLVED_PURCHASE
3183279,l52,X2,c2,116518,9.16,True,NOTINVOLVED_PURCHASE
3224399,l22,X0,c4,113200,11.52,True,NOTINVOLVED_PURCHASE
3226816,l11,X5,c5,31665,21.6,True,NOTINVOLVED_PURCHASE
3255771,A0,a2,c4,81763,10.44,True,SHADOW_PURCHASE1
3258236,l45,X6,c2,113833,4.3,True,NOTINVOLVED_PURCHASE
3258615,l14,X5,c2,66888,12.95,True,NOTINVOLVED_PURCHASE
3259732,l20,X3,c2,36208,9.2,True,NOTINVOLVED_PURCHASE
3265076,l60,X4,c1,69621,2.26,True,NOTINVOLVED_PURCHASE
3271137,l41,X6,c2,63257,5.39,True,NOTINVOLVED_PURCHASE
3272955,A5,X5,c5,85029,17.41,True,NORMAL_PURCHASE
3286568,l56,X4,c1,105150,3.9,True,NOTINVOLVED_PURCHASE
3291211,l79,X3,c1,112741,2.43,True,NOTINVOLVED_PURCHASE
3291301,l58,X2,c2,35074,13.43,True,NOTINVOLVED_PURCHASE
3293219,l4,X1,c6,110518,9.06,True,NOTINVOLVED_PURCHASE
3296029,l48,X2,c6,92184,6.34,True,NOTINVOLVED_PURCHASE
3302894,l44,X1,c6,38064,5.51,True,NOTINVOLVED_PURCHASE
3306432,l6,X6,c5,74662,18.73,True,NOTINVOLVED_PURCHASE
3318135,a0,x0,c1,112883,3.62,False,SHADOW_PURCHASE2
3319152,l50,X6,c5,47114,25.93,True,NOTINVOLVED_PURCHASE
3319948,A1,X4,c1,75321,3.62,True,NORMAL_PURCHASE
3325099,l35,X5,c2,97548,6.58,True,NOTINVOLVED_PURCHASE
3333559,l66,X3,c1,106861,3.84,True,NOTINVOLVED_PURCHASE
3338436,l39,X0,c4,111366,14.52,True,NOTINVOLVED_PURCHASE
3355090,l54,X4,c3,99593,5.25,True,NOTINVOLVED_PURCHASE
3360610,l62,X3,c1,90397,3.15,True,NOTINVOLVED_PURCHASE
3381824,l23,X1,c4,64950,7.98,True,NOTINVOLVED_PURCHASE
3389627,l75,X0,c4,58999,7.54,True,NOTINVOLVED_PURCHASE
3394319,l3,X3,c2,91510,6.02,True,NOTINVOLVED_PURCHASE
3408859,l51,X6,c4,59986,9.08,True,NOTINVOLVED_PURCHASE
3421771,l57,X0,c1,113838,2.33,True,NOTINVOLVED_PURCHASE
3433220,l0,X1,c4,46954,16.52,True,NOTINVOLVED_PURCHASE
3435118,l15,X0,c5,75646,13.95,True,NOTINVOLVED_PURCHASE
3444637,l24,X0,c2,87115,6.74,True,NOTINVOLVED_PURCHASE
3450970,l21,X5,c5,57893,25.16,True,NOTINVOLVED_PURCHASE
3475984,l33,X4,c3,58904,3.43,True,NOTINVOLVED_PURCHASE
3490243,A7,X0,c2,73435,9.57,True,NORMAL_PURCHASE
3497504,l13,X3,c1,43383,2.28,True,NOTINVOLVED_PURCHASE
3510512,l32,X3,c5,68664,6.79,True,NOTINVOLVED_PURCHASE
3516344,l47,X5,c2,65036,11.35,True,NOTINVOLVED_PURCHASE
3518649,a2,x3,c4,81763,7.39,False,SHADOW_PURCHASE2
3527538,l29,X0,c2,58038,4.5,True,NOTINVOLVED_PURCHASE
3528047,l70,X4,c3,46626,4.07,True,NOTINVOLVED_PURCHASE
3530567,l12,X3,c5,61282,15.8,True,NOTINVOLVED_PURCHASE
3539117,l38,X6,c2,78630,11.08,True,NOTINVOLVED_PURCHASE
3549933,l68,X3,c1,101692,2.43,True,NOTINVOLVED_PURCHASE
3566142,x0,X3,c1,112883,2.32,True,SHADOW_PURCHASE3
3570173,l55,X6,c2,49480,12.33,True,NOTINVOLVED_PURCHASE
3579736,l65,X6,c2,46191,11.44,True,NOTINVOLVED_PURCHASE
3601214,l2,X1,c4,91812,15.62,True,NOTINVOLVED_PURCHASE
3634622,l64,X3,c1,49290,3.2,True,NOTINVOLVED_PURCHASE
3709416,l73,X5,c5,53124,27.67,True,NOTINVOLVED_PURCHASE
3717639,l71,X0,c4,94389,5.65,True,NOTINVOLVED_PURCHASE
3771019,x3,X6,c4,81763,5.95,True,SHADOW_PURCHASE3
5283230,l19,X5,c2,60098,10.83,True,NOTINVOLVED_PURCHASE
5319471,l30,X3,c5,112472,13.53,True,NOTINVOLVED_PURCHASE
5360651,A4,a1,c5,39145,9.57,True,SHADOW_PURCHASE1
5389436,l10,X2,c5,67107,17.24,True,NOTINVOLVED_PURCHASE
5430313,l61,X0,c1,49158,2.7,True,NOTINVOLVED_PURCHASE
5439730,l74,X1,c4,91419,16.14,True,NOTINVOLVED_PURCHASE
5450295,A3,a2,c1,67883,3.95,True,SHADOW_PURCHASE1
5450387,l25,X2,c4,82525,8.29,True,NOTINVOLVED_PURCHASE
5473305,l53,X3,c1,92910,2.11,True,NOTINVOLVED_PURCHASE
5474056,A2,X5,c2,52569,10.13,True,NORMAL_PURCHASE
5490410,l28,X0,c5,53116,18.4,True,NOTINVOLVED_PURCHASE
5505155,l5,X6,c5,71490,6.67,True,NOTINVOLVED_PURCHASE
5506498,l43,X2,c4,55792,8.97,True,NOTINVOLVED_PURCHASE
5517782,l37,X0,c5,44653,27.67,True,NOTINVOLVED_PURCHASE
5520569,l31,X3,c1,63049,3.58,True,NOTINVOLVED_PURCHASE
5524364,l72,X4,c3,49291,4.65,True,NOTINVOLVED_PURCHASE
5533960,l27,X4,c3,85012,3.74,True,NOTINVOLVED_PURCHASE
5534140,l69,X0,c2,86868,9.87,True,NOTINVOLVED_PURCHASE
5538295,l76,X2,c6,117984,6.98,True,NOTINVOLVED_PURCHASE
5544105,l77,X0,c1,76790,3.75,True,NOTINVOLVED_PURCHASE
5573552,l17,X2,c4,38263,8.47,True,NOTINVOLVED_PURCHASE
5576063,l46,X1,c4,43788,9.17,True,NOTINVOLVED_PURCHASE
5605306,l49,X5,c5,99383,15.92,True,NOTINVOLVED_PURCHASE
5608989,l16,X3,c2,52987,6.69,True,NOTINVOLVED_PURCHASE
5620116,a1,x4,c5,39145,5.62,False,SHADOW_PURCHASE2
5638379,l63,X1,c6,87847,4.55,True,NOTINVOLVED_PURCHASE
5668479,l1,X2,c6,110347,8.21,True,NOTINVOLVED_PURCHASE
5683236,l6,X1,c6,89155,10.09,True,NOTINVOLVED_PURCHASE
5719216,l48,X6,c5,88418,27.27,True,NOTINVOLVED_PURCHASE
5719494,l45,X6,c4,113575,16.19,True,NOTINVOLVED_PURCHASE
5720932,a2,x1,c1,67883,2.36,False,SHADOW_PURCHASE2
5724237,l40,X5,c5,63427,7.79,True,NOTINVOLVED_PURCHASE
5724622,l67,X4,c3,50858,5.36,True,NOTINVOLVED_PURCHASE
5728874,l44,X5,c2,57752,7.09,True,NOTINVOLVED_PURCHASE
5731576,l20,X3,c5,116713,28.2,True,NOTINVOLVED_PURCHASE
5755492,A6,X5,c2,32491,11.32,True,NORMAL_PURCHASE
5764421,l26,X6,c5,51999,11.31,True,NOTINVOLVED_PURCHASE
5778911,l42,X6,c5,80561,20.88,True,NOTINVOLVED_PURCHASE
5779243,l8,X6,c2,102900,6.89,True,NOTINVOLVED_PURCHASE
5781684,l22,X1,c6,44214,5.63,True,NOTINVOLVED_PURCHASE
5782254,l4,X5,c2,100792,12.64,True,NOTINVOLVED_PURCHASE
5792845,l18,X3,c2,59132,5.84,True,NOTINVOLVED_PURCHASE
5827777,l62,X5,c2,73073,12.65,True,NOTINVOLVED_PURCHASE
5838160,l57,X3,c1,75723,3.63,True,NOTINVOLVED_PURCHASE
5841250,l9,X3,c2,68654,7.5,True,NOTINVOLVED_PURCHASE
5867749,x4,X2,c5,39145,3.89,True,SHADOW_PURCHASE3
5889272,l54,X3,c1,58796,2.42,True,NOTINVOLVED_PURCHASE
5913367,l15,X6,c4,108280,10.85,True,NOTINVOLVED_PURCHASE
5922504,l52,X4,c3,89331,5.07,True,NOTINVOLVED_PURCHASE
5923186,l7,X5,c5,52168,9.21,True,NOTINVOLVED_PURCHASE
5923710,l36,X5,c2,109820,12.63,True,NOTINVOLVED_PURCHASE
5924069,l59,X5,c2,117646,9.79,True,NOTINVOLVED_PURCHASE
5938218,l47,X5,c2,71930,9.59,True,NOTINVOLVED_PURCHASE
5950516,l34,X0,c4,116266,6.54,True,NOTINVOLVED_PURCHASE
5952076,l23,X1,c6,57633,2.73,True,NOTINVOLVED_PURCHASE
5960264,x1,X3,c1,67883,1.45,True,SHADOW_PURCHASE3
5965245,l11,X5,c5,32879,9.03,True,NOTINVOLVED_PURCHASE
5967972,l33,X3,c2,63384,6.16,True,NOTINVOLVED_PURCHASE
5969385,A5,X3,c5,33896,17.53,True,NORMAL_PURCHASE
5969452,l60,X5,c5,35806,18.1,True,NOTINVOLVED_PURCHASE
5979531,l38,X1,c4,63281,8.42,True,NOTINVOLVED_PURCHASE
5981271,l78,X1,c6,56711,6.93,True,NOTINVOLVED_PURCHASE
5988465,l56,X5,c5,35122,13.8,True,NOTINVOLVED_PURCHASE
5997312,l12,X2,c5,38167,26.17,True,NOTINVOLVED_PURCHASE
6015036,l58,X4,c1,117504,2.83,True,NOTINVOLVED_PURCHASE
6030297,l79,X6,c2,119731,6.12,True,NOTINVOLVED_PURCHASE
6054643,l55,X0,c2,72150,8.06,True,NOTINVOLVED_PURCHASE
6056144,A0,a2,c6,111902,4.91,True,SHADOW_PURCHASE1
6065007,l0,X5,c2,58392,9.7,True,NOTINVOLVED_PURCHASE
6081761,l41,X2,c4,79543,11.34,True,NOTINVOLVED_PURCHASE
6094843,l14,X5,c2,32297,9.05,True,NOTINVOLVED_PURCHASE
6096563,l51,X1,c6,112154,9.15,True,NOTINVOLVED_PURCHASE
6123168,l29,X5,c2,98909,7.51,True,NOTINVOLVED_PURCHASE
6141328,A1,a1,c1,62467,3.67,True,SHADOW_PURCHASE1
6143555,l3,X1,c4,88793,6.72,True,NOTINVOLVED_PURCHASE
6146151,l35,X0,c4,66146,12.71,True,NOTINVOLVED_PURCHASE
6156374,l75,X2,c2,62956,8.97,True,NOTINVOLVED_PURCHASE
6164623,l65,X6,c4,82491,5.19,True,NOTINVOLVED_PURCHASE
6175103,l2,X1,c4,88263,9.05,True,NOTINVOLVED_PURCHASE
6175470,l39,X3,c1,48855,2.48,True,NOTINVOLVED_PURCHASE
6184611,l70,X5,c2,61214,8.43,True,NOTINVOLVED_PURCHASE
6196408,l24,X3,c1,36367,2.29,True,NOTINVOLVED_PURCHASE
6198038,l66,X1,c4,87962,8.25,True,NOTINVOLVED_PURCHASE
6205396,l50,X4,c3,60625,3.06,True,NOTINVOLVED_PURCHASE
6229454,A7,a2,c5,49212,24.5,True,SHADOW_PURCHASE1
6268638,l68,X2,c2,88974,9.02,True,NOTINVOLVED_PURCHASE
6272347,l21,X4,c1,91678,3.06,True,NOTINVOLVED_PURCHASE
6334455,l32,X0,c1,47582,2.0,True,NOTINVOLVED_PURCHASE
6335284,a2,x1,c6,111902,4.03,False,SHADOW_PURCHASE2
6373144,l13,X4,c3,95330,2.6,True,NOTINVOLVED_PURCHASE
6382340,l71,X5,c2,31307,12.28,True,NOTINVOLVED_PURCHASE
6387678,a1,x3,c1,62467,1.96,False,SHADOW_PURCHASE2
6429088,l64,X5,c5,60449,12.1,True,NOTINVOLVED_PURCHASE
6479320,a2,x2,c5,49212,21.55,False,SHADOW_PURCHASE2
6568819,x1,X2,c6,111902,2.05,True,SHADOW_PURCHASE3
6591929,l73,X1,c4,105697,12.93,True,NOTINVOLVED_PURCHASE
6632168,x3,X3,c1,62467,1.0,True,SHADOW_PURCHASE3
6762185,x2,X2,c5,49212,19.19,True,SHADOW_PURCHASE3
7834010,l10,X0,c1,117207,1.98,True,NOTINVOLVED_PURCHASE
7850589,l61,X1,c4,81450,16.23,True,NOTINVOLVED_PURCHASE
7895130,l5,X2,c5,63507,14.78,True,NOTINVOLVED_PURCHASE
7899311,l37,X2,c5,31982,27.52,True,NOTINVOLVED_PURCHASE
7926274,A2,X2,c4,85105,14.27,True,NORMAL_PURCHASE
7931201,l74,X3,c5,47296,28.09,True,NOTINVOLVED_PURCHASE
7940417,l77,X1,c6,83398,6.17,True,NOTINVOLVED_PURCHASE
7949946,l43,X2,c4,71369,14.54,True,NOTINVOLVED_PURCHASE
7983217,l16,X5,c5,101154,9.12,True,NOTINVOLVED_PURCHASE
7995373,l19,X5,c5,96524,8.56,True,NOTINVOLVED_PURCHASE
7996734,l27,X5,c2,85837,4.95,True,NOTINVOLVED_PURCHASE
8004325,l30,X5,c2,58116,13.17,True,NOTINVOLVED_PURCHASE
8061633,l17,X0,c2,90841,11.69,True,NOTINVOLVED_PURCHASE
8121707,A4,a3,c4,43809,9.73,True,SHADOW_PURCHASE1
8154928,l26,X6,c4,56917,5.94,True,NOTINVOLVED_PURCHASE
8171020,l48,X3,c5,80438,15.09,True,NOTINVOLVED_PURCHASE
8184121,l53,X4,c3,51520,4.92,True,NOTINVOLVED_PURCHASE
8191450,A3,a2,c2,80594,8.74,True,SHADOW_PURCHASE1
8201201,l25,X1,c4,76224,12.09,True,NOTINVOLVED_PURCHASE
8203079,l46,X5,c2,71800,7.87,True,NOTINVOLVED_PURCHASE
8205419,A6,X1,c4,74073,5.37,True,NORMAL_PURCHASE
8219821,l76,X0,c4,55623,4.9,True,NOTINVOLVED_PURCHASE
8220287,l63,X2,c6,30252,3.58,True,NOTINVOLVED_PURCHASE
8226236,l20,X2,c2,78152,7.58,True,NOTINVOLVED_PURCHASE
8259449,l28,X3,c5,33454,18.3,True,NOTINVOLVED_PURCHASE
8284575,l40,X4,c1,77091,2.58,True,NOTINVOLVED_PURCHASE
8285973,l18,X4,c3,117550,5.4,True,NOTINVOLVED_PURCHASE
8306441,l69,X3,c1,44282,2.17,True,NOTINVOLVED_PURCHASE
8324027,l52,X2,c6,43464,5.61,True,NOTINVOLVED_PURCHASE
8325880,l42,X4,c3,38606,6.03,True,NOTINVOLVED_PURCHASE
8335803,l9,X3,c2,36412,9.94,True,NOTINVOLVED_PURCHASE
8342016,l57,X6,c5,59416,22.55,True,NOTINVOLVED_PURCHASE
8355631,l59,X5,c2,35289,9.06,True,NOTINVOLVED_PURCHASE
8365196,l72,X4,c1,90645,3.19,True,NOTINVOLVED_PURCHASE
8365731,l31,X6,c2,89149,11.02,True,NOTINVOLVED_PURCHASE
8382940,a3,x5,c4,43809,5.57,False,SHADOW_PURCHASE2
8386498,l36,X2,c4,74109,15.07,True,NOTINVOLVED_PURCHASE
8397068,l58,X5,c2,108561,12.39,True,NOTINVOLVED_PURCHASE
8403886,l56,X5,c5,107919,13.62,True,NOTINVOLVED_PURCHASE
8404737,l22,X2,c5,86646,8.21,True,NOTINVOLVED_PURCHASE
8416231,l1,X2,c5,103334,25.85,True,NOTINVOLVED_PURCHASE
8427787,l78,X6,c5,118400,22.0,True,NOTINVOLVED_PURCHASE
8445447,l67,X6,c5,91809,28.04,True,NOTINVOLVED_PURCHASE
8460725,l41,X1,c4,37939,10.72,True,NOTINVOLVED_PURCHASE
8471741,a2,x1,c2,80594,5.68,False,SHADOW_PURCHASE2
8477613,l38,X3,c5,37750,26.0,True,NOTINVOLVED_PURCHASE
8479562,l49,X4,c3,100942,4.18,True,NOTINVOLVED_PURCHASE
8496707,l33,X6,c5,94309,9.77,True,NOTINVOLVED_PURCHASE
8500131,l6,X4,c1,113775,2.24,True,NOTINVOLVED_PURCHASE
8513071,l79,X6,c4,90715,7.69,True,NOTINVOLVED_PURCHASE
8527305,l45,X4,c3,89937,5.51,True,NOTINVOLVED_PURCHASE
8552482,l44,X3,c5,54428,21.78,True,NOTINVOLVED_PURCHASE
8580823,l47,X6,c2,118178,11.79,True,NOTINVOLVED_PURCHASE
8583049,l12,X3,c2,36657,7.77,True,NOTINVOLVED_PURCHASE
8583147,l65,X6,c4,39995,7.88,True,NOTINVOLVED_PURCHASE
8600704,l3,X2,c4,60838,15.39,True,NOTINVOLVED_PURCHASE
8604089,l35,X5,c2,116632,4.15,True,NOTINVOLVED_PURCHASE
8613442,l62,X5,c5,77644,25.84,True,NOTINVOLVED_PURCHASE
8615994,A7,X1,c4,114954,6.92,True,NORMAL_PURCHASE
8625697,l4,X5,c2,98305,12.15,True,NOTINVOLVED_PURCHASE
8627907,l15,X3,c2,102372,11.19,True,NOTINVOLVED_PURCHASE
8634818,x5,X6,c4,43809,3.01,True,SHADOW_PURCHASE3
8642774,l0,X6,c2,79372,6.74,True,NOTINVOLVED_PURCHASE
8651403,l66,X4,c1,55024,3.89,True,NOTINVOLVED_PURCHASE
8651959,l8,X5,c2,58111,4.38,True,NOTINVOLVED_PURCHASE
8661766,l75,X3,c1,58844,3.43,True,NOTINVOLVED_PURCHASE
8671239,l11,X4,c3,48510,2.67,True,NOTINVOLVED_PURCHASE
8680306,l2,X6,c4,48130,11.74,True,NOTINVOLVED_PURCHASE
8683308,l50,X1,c6,68110,5.17,True,NOTINVOLVED_PURCHASE
8709611,l60,X2,c2,40674,5.28,True,NOTINVOLVED_PURCHASE
8714642,l54,X1,c6,32454,6.39,True,NOTINVOLVED_PURCHASE
8715844,x1,X3,c2,80594,2.48,True,SHADOW_PURCHASE3
8726623,A5,X3,c1,113149,2.09,True,NORMAL_PURCHASE
8728308,l21,X2,c5,113003,21.77,True,NOTINVOLVED_PURCHASE
8732637,l14,X4,c3,88236,4.68,True,NOTINVOLVED_PURCHASE
8760164,l7,X1,c4,63901,8.68,True,NOTINVOLVED_PURCHASE
8779746,l34,X4,c1,109035,2.74,True,NOTINVOLVED_PURCHASE
8799124,A0,X3,c2,104876,12.74,True,NORMAL_PURCHASE
8821225,l55,X1,c6,65778,2.82,True,NOTINVOLVED_PURCHASE
8827046,l68,X2,c2,96634,8.87,True,NOTINVOLVED_PURCHASE
8840977,l23,X5,c2,66725,5.74,True,NOTINVOLVED_PURCHASE
8849007,l24,X5,c2,43302,6.53,True,NOTINVOLVED_PURCHASE
8878325,l51,X6,c5,54574,23.58,True,NOTINVOLVED_PURCHASE
8880090,l29,X0,c2,46189,7.84,True,NOTINVOLVED_PURCHASE
8880394,l71,X6,c5,33276,24.07,True,NOTINVOLVED_PURCHASE
8893493,A1,a1,c4,39301,16.65,True,SHADOW_PURCHASE1
8946055,l39,X3,c1,97176,2.3,True,NOTINVOLVED_PURCHASE
9002315,l32,X4,c1,102840,3.82,True,NOTINVOLVED_PURCHASE
9030486,l70,X0,c5,110029,7.0,True,NOTINVOLVED_PURCHASE
9109563,l73,X5,c2,84225,10.53,True,NOTINVOLVED_PURCHASE
9135051,l13,X4,c3,77492,5.5,True,NOTINVOLVED_PURCHASE
9163399,a1,x2,c4,39301,10.26,False,SHADOW_PURCHASE2
9291707,l64,X0,c5,82492,25.1,True,NOTINVOLVED_PURCHASE
9442571,x2,X1,c4,39301,6.85,True,SHADOW_PURCHASE3
10258297,l10,X4,c3,52867,2.72,True,NOTINVOLVED_PURCHASE
10467643,A2,a0,c5,71885,13.71,True,SHADOW_PURCHASE1
10506896,l30,X3,c5,75270,20.23,True,NOTINVOLVED_PURCHASE
10512535,l37,X5,c2,60797,10.06,True,NOTINVOLVED_PURCHASE
10518565,l16,X2,c5,31676,6.32,True,NOTINVOLVED_PURCHASE
10535374,l77,X1,c6,91982,5.77,True,NOTINVOLVED_PURCHASE
10547093,A4,a3,c2,63287,7.31,True,SHADOW_PURCHASE1
10561053,l19,X2,c4,69714,16.54,True,NOTINVOLVED_PURCHASE
10575613,l43,X6,c5,82591,27.77,True,NOTINVOLVED_PURCHASE
10627796,l26,X0,c1,59516,2.01,True,NOTINVOLVED_PURCHASE
10645679,l46,X0,c2,81918,6.27,True,NOTINVOLVED_PURCHASE
10669562,l74,X3,c5,95969,14.23,True,NOTINVOLVED_PURCHASE
10671303,l40,X5,c5,100833,15.89,True,NOTINVOLVED_PURCHASE
10710289,l48,X6,c5,42275,14.2,True,NOTINVOLVED_PURCHASE
10711945,l61,X1,c6,116675,9.01,True,NOTINVOLVED_PURCHASE
10722268,l25,X1,c6,86517,7.93,True,NOTINVOLVED_PURCHASE
10732716,a0,x4,c5,71885,9.34,False,SHADOW_PURCHASE2
10735041,l52,X0,c5,96105,27.35,True,NOTINVOLVED_PURCHASE
10745864,l17,X3,c1,42579,2.57,True,NOTINVOLVED_PURCHASE
10746232,l5,X6,c5,101969,11.69,True,NOTINVOLVED_PURCHASE
10749102,A3,a1,c6,68090,5.81,True,SHADOW_PURCHASE1
10821391,l20,X3,c2,41798,5.79,True,NOTINVOLVED_PURCHASE
10830746,a3,x1,c2,63287,3.52,False,SHADOW_PURCHASE2
10837625,l22,X2,c4,93671,14.47,True,NOTINVOLVED_PURCHASE
10849051,l36,X5,c5,46824,26.47,True,NOTINVOLVED_PURCHASE
10856247,l49,X5,c2,55983,5.77,True,NOTINVOLVED_PURCHASE
10875420,l27,X4,c3,63052,3.02,True,NOTINVOLVED_PURCHASE
10881503,l63,X2,c6,43458,4.95,True,NOTINVOLVED_PURCHASE
10900086,l56,X0,c5,63282,25.53,True,NOTINVOLVED_PURCHASE
10908061,l79,X0,c1,66790,3.93,True,NOTINVOLVED_PURCHASE
10915792,l41,X2,c6,111083,7.63,True,NOTINVOLVED_PURCHASE
10916701,A6,X1,c6,116763,4.44,True,NORMAL_PURCHASE
10921187,l44,X1,c4,59248,5.03,True,NOTINVOLVED_PURCHASE
10940122,l76,X2,c5,81447,27.09,True,NOTINVOLVED_PURCHASE
10942045,l59,X0,c5,101739,13.61,True,NOTINVOLVED_PURCHASE
10990991,l72,X5,c2,44751,6.68,True,NOTINVOLVED_PURCHASE
11000782,l57,X6,c4,106668,5.7,True,NOTINVOLVED_PURCHASE
11014051,a1,x4,c6,68090,5.4,False,SHADOW_PURCHASE2
11014858,x4,X5,c5,71885,5.71,True,SHADOW_PURCHASE3
11018143,l18,X6,c5,106256,17.11,True,NOTINVOLVED_PURCHASE
11032008,l1,X5,c5,37786,24.22,True,NOTINVOLVED_PURCHASE
11045519,l6,X1,c6,107988,5.23,True,NOTINVOLVED_PURCHASE
11048801,l31,X6,c2,101928,3.71,True,NOTINVOLVED_PURCHASE
11050541,l78,X1,c6,67983,7.68,True,NOTINVOLVED_PURCHASE
11062130,l65,X4,c3,60638,4.42,True,NOTINVOLVED_PURCHASE
11065080,A7,X6,c4,115202,11.16,True,NORMAL_PURCHASE
11065203,l67,X6,c2,50366,11.9,True,NOTINVOLVED_PURCHASE
11070406,l11,X4,c1,64933,2.85,True,NOTINVOLVED_PURCHASE
11074599,l53,X4,c1,102199,2.18,True,NOTINVOLVED_PURCHASE
11097600,l75,X6,c2,34749,5.32,True,NOTINVOLVED_PURCHASE
11115595,x1,X3,c2,63287,2.47,True,SHADOW_PURCHASE3
11129915,l9,X4,c3,92262,3.54,True,NOTINVOLVED_PURCHASE
11144326,l0,X1,c4,91530,16.01,True,NOTINVOLVED_PURCHASE
11147858,l28,X2,c4,40336,14.98,True,NOTINVOLVED_PURCHASE
11153261,l69,X6,c5,35303,20.08,True,NOTINVOLVED_PURCHASE
11179701,A5,a5,c4,89565,5.1,True,SHADOW_PURCHASE1
11183912,l47,X5,c5,41453,16.47,True,NOTINVOLVED_PURCHASE
11189200,l2,X1,c4,36448,12.46,True,NOTINVOLVED_PURCHASE
11192391,l42,X6,c2,96691,5.03,True,NOTINVOLVED_PURCHASE
11192757,l66,X5,c5,89668,8.37,True,NOTINVOLVED_PURCHASE
11219369,l38,X1,c6,115928,4.21,True,NOTINVOLVED_PURCHASE
11226730,l14,X0,c1,30186,2.22,True,NOTINVOLVED_PURCHASE
11233990,l55,X4,c1,82624,2.46,True,NOTINVOLVED_PURCHASE
11242449,l45,X4,c1,58146,2.28,True,NOTINVOLVED_PURCHASE
11256858,l58,X2,c4,91869,6.09,True,NOTINVOLVED_PURCHASE
11260656,x4,X2,c6,68090,3.37,True,SHADOW_PURCHASE3
11272842,l21,X5,c5,90465,27.66,True,NOTINVOLVED_PURCHASE
11300456,l7,X4,c1,70526,2.36,True,NOTINVOLVED_PURCHASE
11303129,l12,X1,c6,58112,6.25,True,NOTINVOLVED_PURCHASE
11315198,l60,X2,c4,44203,9.71,True,NOTINVOLVED_PURCHASE
11315610,l33,X6,c2,86338,12.47,True,NOTINVOLVED_PURCHASE
11323403,l24,X3,c5,39440,16.96,True,NOTINVOLVED_PURCHASE
11329708,l23,X3,c5,42857,7.55,True,NOTINVOLVED_PURCHASE
11355731,l54,X3,c2,108261,3.95,True,NOTINVOLVED_PURCHASE
11359458,A1,X4,c1,97471,2.4,True,NORMAL_PURCHASE
11363746,l29,X5,c5,98448,8.8,True,NOTINVOLVED_PURCHASE
11378129,l39,X6,c4,66890,10.4,True,NOTINVOLVED_PURCHASE
11380620,l35,X0,c1,93492,2.03,True,NOTINVOLVED_PURCHASE
11385607,l50,X6,c4,108859,14.76,True,NOTINVOLVED_PURCHASE
11398647,l15,X6,c2,89899,10.52,True,NOTINVOLVED_PURCHASE
11406014,l34,X6,c2,58463,6.37,True,NOTINVOLVED_PURCHASE
11422364,l51,X1,c4,41199,14.87,True,NOTINVOLVED_PURCHASE
11447416,A0,X6,c5,77794,13.66,True,NORMAL_PURCHASE
11450470,a5,x2,c4,89565,4.57,False,SHADOW_PURCHASE2
11466700,l62,X1,c6,113545,3.31,True,NOTINVOLVED_PURCHASE
11491860,l3,X2,c6,93901,8.87,True,NOTINVOLVED_PURCHASE
11498171,l32,X5,c5,37219,23.15,True,NOTINVOLVED_PURCHASE
11513474,l4,X0,c1,49699,2.76,True,NOTINVOLVED_PURCHASE
11520268,l8,X6,c4,46549,5.16,True,NOTINVOLVED_PURCHASE
11624866,l68,X2,c4,34568,9.08,True,NOTINVOLVED_PURCHASE
11644464,l71,X5,c5,53507,8.75,True,NOTINVOLVED_PURCHASE
11697774,x2,X2,c4,89565,3.45,True,SHADOW_PURCHASE3
11728519,l70,X0,c4,88546,12.14,True,NOTINVOLVED_PURCHASE
11962278,l73,X5,c2,33904,8.43,True,NOTINVOLVED_PURCHASE
11967809,l13,X4,c1,31234,2.46,True,NOTINVOLVED_PURCHASE
12000139,l64,X5,c5,115480,10.66,True,NOTINVOLVED_PURCHASE
12927375,l37,X2,c2,109989,5.1,True,NOTINVOLVED_PURCHASE
12941435,A2,X3,c5,67396,21.16,True,NORMAL_PURCHASE
12953444,l19,X5,c5,35078,21.0,True,NOTINVOLVED_PURCHASE
12989283,l43,X0,c5,50749,16.26,True,NOTINVOLVED_PURCHASE
12995389,A4,X0,c5,85383,21.01,True,NORMAL_PURCHASE
13060395,l26,X2,c5,91493,10.91,True,NOTINVOLVED_PURCHASE
13071855,l10,X2,c2,75342,13.29,True,NOTINVOLVED_PURCHASE
13182583,l77,X6,c5,71297,14.04,True,NOTINVOLVED_PURCHASE
13193670,l61,X0,c1,103107,2.3,True,NOTINVOLVED_PURCHASE
13215776,A3,a2,c4,60003,8.12,True,SHADOW_PURCHASE1
13234138,l5,X6,c5,71469,11.29,True,NOTINVOLVED_PURCHASE
13265300,l74,X4,c1,53931,3.39,True,NOTINVOLVED_PURCHASE
13267209,l27,X1,c4,51977,15.63,True,NOTINVOLVED_PURCHASE
13289819,l40,X2,c2,81537,8.56,True,NOTINVOLVED_PURCHASE
13294502,l30,X5,c2,55741,8.81,True,NOTINVOLVED_PURCHASE
13298043,l16,X3,c2,117542,10.77,True,NOTINVOLVED_PURCHASE
13298340,l17,X0,c1,100570,3.38,True,NOTINVOLVED_PURCHASE
13315546,l22,X2,c6,93223,5.2,True,NOTINVOLVED_PURCHASE
13323970,l48,X0,c2,67434,9.16,True,NOTINVOLVED_PURCHASE
13353797,l46,X6,c2,73242,5.82,True,NOTINVOLVED_PURCHASE
13372686,l56,X3,c1,74654,2.98,True,NOTINVOLVED_PURCHASE
13373995,l25,X0,c2,46503,4.26,True,NOTINVOLVED_PURCHASE
13383428,l72,X4,c1,39573,2.41,True,NOTINVOLVED_PURCHASE
13394366,l57,X6,c4,93552,8.72,True,NOTINVOLVED_PURCHASE
13427769,l44,X5,c2,51467,6.87,True,NOTINVOLVED_PURCHASE
13441193,l31,X4,c3,80614,2.14,True,NOTINVOLVED_PURCHASE
13442807,l63,X4,c1,100857,3.51,True,NOTINVOLVED_PURCHASE
13458771,l49,X5,c5,49007,9.52,True,NOTINVOLVED_PURCHASE
13465671,a2,x0,c4,60003,4.48,False,SHADOW_PURCHASE2
13480112,l52,X2,c4,93743,11.17,True,NOTINVOLVED_PURCHASE
13484879,l36,X0,c4,110407,8.58,True,NOTINVOLVED_PURCHASE
13495957,l78,X1,c4,59860,13.15,True,NOTINVOLVED_PURCHASE
13517337,l11,X1,c6,59588,8.01,True,NOTINVOLVED_PURCHASE
13534691,l59,X5,c5,96314,9.2,True,NOTINVOLVED_PURCHASE
13550046,l20,X2,c2,117949,10.98,True,NOTINVOLVED_PURCHASE
13550164,l67,X1,c4,71509,16.58,True,NOTINVOLVED_PURCHASE
13556205,l79,X6,c4,52518,7.98,True,NOTINVOLVED_PURCHASE
13568075,A6,X0,c4,92883,6.75,True,NORMAL_PURCHASE
13572664,l0,X5,c2,77540,5.24,True,NOTINVOLVED_PURCHASE
13585830,l6,X4,c3,65427,4.88,True,NOTINVOLVED_PURCHASE
13589416,l18,X4,c1,56890,3.53,True,NOTINVOLVED_PURCHASE
13591445,l28,X2,c2,118968,7.01,True,NOTINVOLVED_PURCHASE
13600309,l47,X2,c5,113196,7.41,True,NOTINVOLVED_PURCHASE
13601730,l38,X3,c5,45516,24.38,True,NOTINVOLVED_PURCHASE
13604405,A7,a2,c6,46762,4.61,True,SHADOW_PURCHASE1
13635286,l55,X4,c1,86599,2.17,True,NOTINVOLVED_PURCHASE
13668767,l1,X2,c6,52111,4.94,True,NOTINVOLVED_PURCHASE
13683061,l53,X5,c2,80221,3.51,True,NOTINVOLVED_PURCHASE
13686074,l75,X6,c5,107080,26.11,True,NOTINVOLVED_PURCHASE
13709161,l41,X2,c2,60061,3.83,True,NOTINVOLVED_PURCHASE
13724394,l76,X1,c4,46957,9.78,True,NOTINVOLVED_PURCHASE
13729929,l12,X2,c6,73695,8.74,True,NOTINVOLVED_PURCHASE
13731861,x0,X1,c4,60003,3.35,True,SHADOW_PURCHASE3
13755950,l50,X1,c4,78920,7.92,True,NOTINVOLVED_PURCHASE
13758572,l69,X0,c4,63052,11.76,True,NOTINVOLVED_PURCHASE
13802332,l21,X2,c2,36535,9.19,True,NOTINVOLVED_PURCHASE
13802601,l23,X6,c5,95384,22.49,True,NOTINVOLVED_PURCHASE
13818550,A0,X6,c5,85470,17.63,True,NORMAL_PURCHASE
13826065,l34,X4,c3,119663,5.3,True,NOTINVOLVED_PURCHASE
13838419,l65,X4,c1,88734,2.42,True,NOTINVOLVED_PURCHASE
13839845,l51,X1,c4,43626,7.84,True,NOTINVOLVED_PURCHASE
13852870,a2,x1,c6,46762,3.42,False,SHADOW_PURCHASE2
13853327,l60,X2,c6,33202,4.89,True,NOTINVOLVED_PURCHASE
13859653,l24,X0,c5,100599,19.24,True,NOTINVOLVED_PURCHASE
13868857,l7,X5,c2,95496,8.34,True,NOTINVOLVED_PURCHASE
13876102,A5,X5,c2,42548,9.11,True,NORMAL_PURCHASE
13886281,l2,X4,c1,72087,3.16,True,NOTINVOLVED_PURCHASE
13898362,l58,X5,c5,103172,8.88,True,NOTINVOLVED_PURCHASE
13905100,l45,X4,c1,52643,3.34,True,NOTINVOLVED_PURCHASE
13917573,l9,X3,c2,53629,4.38,True,NOTINVOLVED_PURCHASE
13929425,l14,X5,c5,98992,17.41,True,NOTINVOLVED_PURCHASE
13931981,l29,X4,c1,115001,2.13,True,NOTINVOLVED_PURCHASE
13957720,l42,X0,c2,74815,5.52,True,NOTINVOLVED_PURCHASE
13992206,l68,X6,c4,59752,12.67,True,NOTINVOLVED_PURCHASE
14015975,l8,X4,c3,51621,2.15,True,NOTINVOLVED_PURCHASE
14050627,l66,X4,c1,115378,3.16,True,NOTINVOLVED_PURCHASE
14086076,l33,X6,c4,54020,13.07,True,NOTINVOLVED_PURCHASE
14122987,x1,X2,c6,46762,2.5,True,SHADOW_PURCHASE3
14135449,A1,a5,c5,86112,15.39,True,SHADOW_PURCHASE1
14138683,l71,X4,c3,88444,4.8,True,NOTINVOLVED_PURCHASE
14147247,l35,X5,c5,32168,8.8,True,NOTINVOLVED_PURCHASE
14147390,l4,X5,c2,91242,4.08,True,NOTINVOLVED_PURCHASE
14159584,l62,X6,c4,106296,5.48,True,NOTINVOLVED_PURCHASE
14211134,l39,X5,c2,35081,4.22,True,NOTINVOLVED_PURCHASE
14221746,l54,X4,c3,93227,4.08,True,NOTINVOLVED_PURCHASE
14223512,l3,X1,c6,96880,2.84,True,NOTINVOLVED_PURCHASE
14252807,l15,X0,c4,103353,14.18,True,NOTINVOLVED_PURCHASE
14313104,l32,X0,c5,49360,27.65,True,NOTINVOLVED_PURCHASE
14340152,l70,X4,c3,68542,4.67,True,NOTINVOLVED_PURCHASE
14415760,a5,x3,c5,86112,12.79,False,SHADOW_PURCHASE2
14503095,l73,X1,c6,114012,9.23,True,NOTINVOLVED_PURCHASE
14550035,l13,X5,c2,43126,4.33,True,NOTINVOLVED_PURCHASE
14660115,x3,X3,c5,86112,10.39,True,SHADOW_PURCHASE3
14841267,l64,X3,c5,76311,25.83,True,NOTINVOLVED_PURCHASE
15328840,l37,X0,c5,42064,9.68,True,NOTINVOLVED_PURCHASE
15508345,l43,X3,c2,60581,12.31,True,NOTINVOLVED_PURCHASE
15602793,A2,X3,c2,90728,9.19,True,NORMAL_PURCHASE
15650370,l19,X2,c5,38103,27.41,True,NOTINVOLVED_PURCHASE
15658385,A3,a0,c5,104459,16.74,True,SHADOW_PURCHASE1
15800327,A4,X0,c1,103241,3.14,True,NORMAL_PURCHASE
15811360,l5,X2,c5,80682,14.99,True,NOTINVOLVED_PURCHASE
15845104,l22,X0,c2,92098,10.53,True,NOTINVOLVED_PURCHASE
15866885,l17,X0,c4,111202,10.82,True,NOTINVOLVED_PURCHASE
15873328,l26,X0,c1,54908,2.04,True,NOTINVOLVED_PURCHASE
15880022,l52,X2,c4,102771,10.45,True,NOTINVOLVED_PURCHASE
15901355,l11,X0,c4,117076,7.71,True,NOTINVOLVED_PURCHASE
15915400,l72,X4,c1,83926,2.81,True,NOTINVOLVED_PURCHASE
15926837,l40,X2,c6,73749,3.37,True,NOTINVOLVED_PURCHASE
15927691,l10,X0,c4,44067,8.87,True,NOTINVOLVED_PURCHASE
15936648,l36,X1,c4,58482,14.68,True,NOTINVOLVED_PURCHASE
15938190,a0,x4,c5,104459,7.52,False,SHADOW_PURCHASE2
15939901,l57,X6,c5,35055,22.19,True,NOTINVOLVED_PURCHASE
15955626,l77,X1,c4,69971,12.15,True,NOTINVOLVED_PURCHASE
15963372,l78,X6,c4,112844,8.95,True,NOTINVOLVED_PURCHASE
15970066,l61,X0,c2,36006,9.88,True,NOTINVOLVED_PURCHASE
15982509,l25,X1,c6,94842,6.37,True,NOTINVOLVED_PURCHASE
15989093,l48,X3,c2,77223,9.53,True,NOTINVOLVED_PURCHASE
16008616,l16,X6,c5,85062,19.14,True,NOTINVOLVED_PURCHASE
16012085,l74,X4,c3,101853,2.38,True,NOTINVOLVED_PURCHASE
16015517,l31,X0,c4,63975,5.13,True,NOTINVOLVED_PURCHASE
16023197,l56,X5,c5,55381,22.48,True,NOTINVOLVED_PURCHASE
16036580,l38,X3,c2,104903,13.1,True,NOTINVOLVED_PURCHASE
16051872,l18,X6,c2,79679,12.12,True,NOTINVOLVED_PURCHASE
16066014,l0,X3,c1,47088,2.78,True,NOTINVOLVED_PURCHASE
16087793,l46,X6,c5,59264,12.47,True,NOTINVOLVED_PURCHASE
16096445,A6,a2,c2,53867,10.05,True,SHADOW_PURCHASE1
16097377,l27,X1,c4,103428,13.82,True,NOTINVOLVED_PURCHASE
16101559,A7,X1,c6,64819,8.92,True,NORMAL_PURCHASE
16106414,l28,X3,c5,72816,17.57,True,NOTINVOLVED_PURCHASE
16117273,l59,X1,c4,64165,9.37,True,NOTINVOLVED_PURCHASE
16119935,l63,X2,c2,65839,12.53,True,NOTINVOLVED_PURCHASE
16125728,l30,X5,c2,57666,12.68,True,NOTINVOLVED_PURCHASE
16151394,l50,X6,c5,99702,25.21,True,NOTINVOLVED_PURCHASE
16168587,l49,X4,c1,81952,2.64,True,NOTINVOLVED_PURCHASE
16183057,l44,X2,c6,107231,4.22,True,NOTINVOLVED_PURCHASE
16193786,l23,X5,c5,55445,15.32,True,NOTINVOLVED_PURCHASE
16199719,l55,X6,c2,43470,3.58,True,NOTINVOLVED_PURCHASE
16201204,l75,X0,c2,71869,11.22,True,NOTINVOLVED_PURCHASE
16218475,l6,X1,c6,57070,5.76,True,NOTINVOLVED_PURCHASE
16218714,x4,X0,c5,104459,3.63,True,SHADOW_PURCHASE3
16238363,l24,X6,c4,36830,10.0,True,NOTINVOLVED_PURCHASE
16244482,l21,X5,c2,115472,6.63,True,NOTINVOLVED_PURCHASE
16282030,l34,X2,c4,34525,5.73,True,NOTINVOLVED_PURCHASE
16293047,A0,a5,c5,33497,21.35,True,SHADOW_PURCHASE1
16331433,l41,X2,c6,115115,9.1,True,NOTINVOLVED_PURCHASE
16331532,l20,X3,c2,58980,9.18,True,NOTINVOLVED_PURCHASE
16358620,a2,x0,c2,53867,9.5,False,SHADOW_PURCHASE2
16366081,l12,X2,c6,51323,3.55,True,NOTINVOLVED_PURCHASE
16374589,l53,X5,c5,70151,6.82,True,NOTINVOLVED_PURCHASE
16393842,l79,X3,c5,32877,10.97,True,NOTINVOLVED_PURCHASE
16425666,l14,X5,c2,66325,4.72,True,NOTINVOLVED_PURCHASE
16428588,l67,X2,c6,77047,4.23,True,NOTINVOLVED_PURCHASE
16432205,l7,X6,c5,62238,25.71,True,NOTINVOLVED_PURCHASE
16432535,l9,X1,c6,114820,2.86,True,NOTINVOLVED_PURCHASE
16438015,A5,X0,c4,43282,6.74,True,NORMAL_PURCHASE
16456787,l2,X1,c4,96043,13.4,True,NOTINVOLVED_PURCHASE
16479475,l60,X2,c5,113809,17.64,True,NOTINVOLVED_PURCHASE
16483849,l47,X2,c6,52101,6.37,True,NOTINVOLVED_PURCHASE
16508450,l65,X3,c1,106789,2.95,True,NOTINVOLVED_PURCHASE
16518673,l69,X0,c2,71872,6.47,True,NOTINVOLVED_PURCHASE
16527855,l76,X2,c4,57490,10.06,True,NOTINVOLVED_PURCHASE
16530239,a5,x3,c5,33497,14.76,False,SHADOW_PURCHASE2
16559219,l1,X4,c3,118969,3.86,True,NOTINVOLVED_PURCHASE
16570933,l42,X6,c5,70872,13.38,True,NOTINVOLVED_PURCHASE
16621680,x0,X3,c2,53867,8.55,True,SHADOW_PURCHASE3
16634559,l8,X5,c5,80286,7.57,True,NOTINVOLVED_PURCHASE
16656356,l51,X6,c2,55578,6.79,True,NOTINVOLVED_PURCHASE
16657224,l58,X2,c6,110279,9.9,True,NOTINVOLVED_PURCHASE
16678445,l54,X3,c5,87585,7.48,True,NOTINVOLVED_PURCHASE
16681780,l3,X4,c3,96600,4.25,True,NOTINVOLVED_PURCHASE
16690379,l62,X1,c6,78119,8.12,True,NOTINVOLVED_PURCHASE
16696527,l66,X5,c2,87066,7.53,True,NOTINVOLVED_PURCHASE
16718999,l68,X3,c2,52357,10.3,True,NOTINVOLVED_PURCHASE
16721924,l32,X3,c2,51865,6.7,True,NOTINVOLVED_PURCHASE
16758264,l33,X4,c3,64672,3.96,True,NOTINVOLVED_PURCHASE
16759577,l45,X4,c1,67279,3.24,True,NOTINVOLVED_PURCHASE
16766611,l29,X4,c1,81731,3.85,True,NOTINVOLVED_PURCHASE
16782811,A1,a4,c3,94945,2.39,True,SHADOW_PURCHASE1
16803122,x3,X6,c5,33497,5.79,True,SHADOW_PURCHASE3
16891437,l4,X0,c2,96943,6.25,True,NOTINVOLVED_PURCHASE
16902142,l71,X5,c2,46717,13.12,True,NOTINVOLVED_PURCHASE
16983890,l39,X6,c5,73865,23.69,True,NOTINVOLVED_PURCHASE
17006882,l35,X1,c4,84338,7.66,True,NOTINVOLVED_PURCHASE
17020965,l13,X2,c2,39842,4.12,True,NOTINVOLVED_PURCHASE
17021316,a4,x1,c3,94945,1.48,False,SHADOW_PURCHASE2
17093299,l73,X4,c1,64991,3.62,True,NOTINVOLVED_PURCHASE
17093965,l15,X6,c2,44161,7.09,True,NOTINVOLVED_PURCHASE
17132824,l70,X3,c1,68252,2.62,True,NOTINVOLVED_PURCHASE
17297546,x1,X4,c3,94945,1.0,True,SHADOW_PURCHASE3
17585372,l64,X3,c1,51936,2.67,True,NOTINVOLVED_PURCHASE
17799082,l37,X0,c4,118025,11.01,True,NOTINVOLVED_PURCHASE
17948110,l43,X6,c4,89656,8.8,True,NOTINVOLVED_PURCHASE
18139664,l19,X2,c4,78315,9.66,True,NOTINVOLVED_PURCHASE
18190112,A2,X3,c5,95156,20.42,True,NORMAL_PURCHASE
18252793,l52,X4,c3,70294,5.61,True,NOTINVOLVED_PURCHASE
18255791,l26,X4,c3,51947,5.99,True,NOTINVOLVED_PURCHASE
18296484,A4,X3,c2,46560,12.15,True,NORMAL_PURCHASE
18361564,l10,X4,c1,35613,2.19,True,NOTINVOLVED_PURCHASE
18365276,l22,X2,c4,67781,12.73,True,NOTINVOLVED_PURCHASE
18394379,A3,a2,c4,30279,8.89,True,SHADOW_PURCHASE1
18399410,l74,X2,c4,115564,9.62,True,NOTINVOLVED_PURCHASE
18416406,l5,X6,c2,74242,6.98,True,NOTINVOLVED_PURCHASE
18419272,l25,X0,c5,112959,8.48,True,NOTINVOLVED_PURCHASE
18431009,l18,X3,c5,116996,16.19,True,NOTINVOLVED_PURCHASE
18452464,l11,X5,c2,55923,11.5,True,NOTINVOLVED_PURCHASE
18486397,l17,X2,c2,64002,7.58,True,NOTINVOLVED_PURCHASE
18491436,l72,X1,c4,37442,5.2,True,NOTINVOLVED_PURCHASE
18502051,l38,X1,c4,91413,13.05,True,NOTINVOLVED_PURCHASE
18519704,l31,X6,c5,87685,8.07,True,NOTINVOLVED_PURCHASE
18528166,A7,X1,c4,57243,15.97,True,NORMAL_PURCHASE
18547984,l48,X3,c5,116950,8.54,True,NOTINVOLVED_PURCHASE
18561101,l0,X3,c1,92969,3.82,True,NOTINVOLVED_PURCHASE
18575150,A6,X6,c2,46893,9.99,True,NORMAL_PURCHASE
18575292,l28,X5,c5,61637,24.34,True,NOTINVOLVED_PURCHASE
18595404,l78,X1,c6,108749,3.61,True,NOTINVOLVED_PURCHASE
18624052,l46,X1,c4,78030,15.98,True,NOTINVOLVED_PURCHASE
18650989,l56,X4,c1,91924,2.76,True,NOTINVOLVED_PURCHASE
18656975,a2,x2,c4,30279,6.95,False,SHADOW_PURCHASE2
18659457,l40,X0,c2,50164,11.03,True,NOTINVOLVED_PURCHASE
18661238,l57,X6,c2,85816,8.25,True,NOTINVOLVED_PURCHASE
18691746,l55,X6,c5,59391,26.66,True,NOTINVOLVED_PURCHASE
18707277,l61,X2,c4,79267,12.31,True,NOTINVOLVED_PURCHASE
18729993,l44,X2,c6,61722,10.05,True,NOTINVOLVED_PURCHASE
18734233,l23,X1,c6,60976,6.41,True,NOTINVOLVED_PURCHASE
18737846,l36,X5,c2,53316,7.03,True,NOTINVOLVED_PURCHASE
18746221,l6,X2,c2,40833,4.95,True,NOTINVOLVED_PURCHASE
18765332,l75,X0,c2,46163,10.82,True,NOTINVOLVED_PURCHASE
18782536,l59,X0,c5,64668,14.5,True,NOTINVOLVED_PURCHASE
18784719,l27,X4,c3,54220,3.66,True,NOTINVOLVED_PURCHASE
18786468,l24,X0,c5,100096,24.13,True,NOTINVOLVED_PURCHASE
18799011,l34,X6,c4,41851,14.94,True,NOTINVOLVED_PURCHASE
18808845,l9,X1,c4,115661,14.15,True,NOTINVOLVED_PURCHASE
18814299,l16,X3,c5,31197,6.39,True,NOTINVOLVED_PURCHASE
18824906,l77,X1,c6,52161,8.68,True,NOTINVOLVED_PURCHASE
18826281,l21,X4,c3,32650,5.59,True,NOTINVOLVED_PURCHASE
18832229,l30,X5,c5,39466,22.45,True,NOTINVOLVED_PURCHASE
18868940,l49,X6,c2,67001,4.1,True,NOTINVOLVED_PURCHASE
18873800,l63,X2,c2,81777,5.35,True,NOTINVOLVED_PURCHASE
18880733,l60,X6,c4,63278,4.96,True,NOTINVOLVED_PURCHASE
18893763,x2,X2,c4,30279,3.98,True,SHADOW_PURCHASE3
18894056,l12,X1,c4,99136,8.63,True,NOTINVOLVED_PURCHASE
18907180,l2,X1,c6,66965,4.8,True,NOTINVOLVED_PURCHASE
18958253,l41,X6,c4,77079,11.05,True,NOTINVOLVED_PURCHASE
18992837,l53,X3,c2,37514,5.17,True,NOTINVOLVED_PURCHASE
19002570,l50,X1,c4,43021,10.41,True,NOTINVOLVED_PURCHASE
19019371,l67,X4,c3,58628,3.16,True,NOTINVOLVED_PURCHASE
19040365,l20,X2,c2,74812,11.95,True,NOTINVOLVED_PURCHASE
19071557,l14,X5,c2,100015,7.08,True,NOTINVOLVED_PURCHASE
19095663,l3,X3,c2,85678,5.88,True,NOTINVOLVED_PURCHASE
19111652,l1,X4,c3,100118,2.36,True,NOTINVOLVED_PURCHASE
19131701,l7,X5,c5,99706,27.4,True,NOTINVOLVED_PURCHASE
19137855,l65,X3,c5,77034,9.22,True,NOTINVOLVED_PURCHASE
19144509,A0,X0,c5,95267,16.5,True,NORMAL_PURCHASE
19146031,l47,X5,c5,65179,23.53,True,NOTINVOLVED_PURCHASE
19149694,l79,X1,c6,45685,4.68,True,NOTINVOLVED_PURCHASE
19152769,A5,X0,c4,48367,6.7,True,NORMAL_PURCHASE
19159754,l8,X5,c2,69702,13.4,True,NOTINVOLVED_PURCHASE
19207884,l54,X1,c6,89292,4.14,True,NOTINVOLVED_PURCHASE
19213003,l58,X5,c5,43335,18.84,True,NOTINVOLVED_PURCHASE
19260437,l62,X1,c6,49446,8.41,True,NOTINVOLVED_PURCHASE
19262908,l68,X6,c4,83163,5.6,True,NOTINVOLVED_PURCHASE
19265019,l76,X1,c6,63857,7.15,True,NOTINVOLVED_PURCHASE
19270315,l29,X4,c3,44567,2.3,True,NOTINVOLVED_PURCHASE
19289246,l51,X2,c4,101101,13.79,True,NOTINVOLVED_PURCHASE
19293230,l33,X3,c5,38425,8.38,True,NOTINVOLVED_PURCHASE
19388366,l42,X1,c4,33617,5.53,True,NOTINVOLVED_PURCHASE
19400922,l69,X6,c2,105008,6.67,True,NOTINVOLVED_PURCHASE
19454090,l4,X2,c6,97354,5.31,True,NOTINVOLVED_PURCHASE
19502111,A1,X6,c4,92244,11.55,True,NORMAL_PURCHASE
19503681,l66,X1,c6,74111,10.6,True,NOTINVOLVED_PURCHASE
19505119,l35,X1,c6,101407,6.16,True,NOTINVOLVED_PURCHASE
19549376,l71,X5,c2,59481,6.49,True,NOTINVOLVED_PURCHASE
19556473,l45,X6,c4,63845,15.84,True,NOTINVOLVED_PURCHASE
19566786,l32,X3,c1,66882,2.56,True,NOTINVOLVED_PURCHASE
19598467,l73,X1,c6,79770,6.82,True,NOTINVOLVED_PURCHASE
19637743,l15,X6,c2,97801,7.55,True,NOTINVOLVED_PURCHASE
19827157,l39,X5,c2,84888,8.64,True,NOTINVOLVED_PURCHASE
19829308,l13,X4,c3,112892,3.99,True,NOTINVOLVED_PURCHASE
20025238,l70,X5,c2,50577,7.01,True,NOTINVOLVED_PURCHASE
20188521,l64,X4,c3,55022,5.62,True,NOTINVOLVED_PURCHASE
20497066,l37,X2,c4,74677,8.79,True,NOTINVOLVED_PURCHASE
20652553,l26,X6,c2,114139,7.93,True,NOTINVOLVED_PURCHASE
20682904,l43,X0,c2,93106,6.82,True,NOTINVOLVED_PURCHASE
20724677,A2,X3,c1,83911,2.99,True,NORMAL_PURCHASE
20751416,l19,X2,c2,71122,10.42,True,NOTINVOLVED_PURCHASE
20777754,A3,X6,c4,107291,14.42,True,NORMAL_PURCHASE
20778834,l22,X1,c4,31701,13.89,True,NOTINVOLVED_PURCHASE
20820801,l74,X1,c4,78345,8.68,True,NOTINVOLVED_PURCHASE
20856231,l10,X2,c2,93916,5.28,True,NOTINVOLVED_PURCHASE
20890318,A4,a4,c4,110565,12.33,True,SHADOW_PURCHASE1
20907101,l52,X0,c5,66292,17.57,True,NOTINVOLVED_PURCHASE
20959027,l31,X6,c5,77244,16.28,True,NOTINVOLVED_PURCHASE
20965693,l18,X2,c2,61502,7.33,True,NOTINVOLVED_PURCHASE
20984467,l48,X6,c4,44522,16.43,True,NOTINVOLVED_PURCHASE
21032131,l28,X0,c4,39348,12.04,True,NOTINVOLVED_PURCHASE
21033441,l38,X6,c2,36492,13.45,True,NOTINVOLVED_PURCHASE
21112572,A7,X2,c6,42907,9.23,True,NORMAL_PURCHASE
21120292,l61,X1,c6,61458,3.04,True,NOTINVOLVED_PURCHASE
21124436,a4,x5,c4,110565,7.11,False,SHADOW_PURCHASE2
21139005,l23,X5,c5,54426,6.6,True,NOTINVOLVED_PURCHASE
21149853,l57,X1,c4,37375,13.13,True,NOTINVOLVED_PURCHASE
21157816,l40,X2,c6,47638,3.79,True,NOTINVOLVED_PURCHASE
21162729,l72,X1,c4,59099,7.79,True,NOTINVOLVED_PURCHASE
21165970,l78,X1,c4,76513,6.16,True,NOTINVOLVED_PURCHASE
21174874,l17,X0,c2,113478,9.81,True,NOTINVOLVED_PURCHASE
21180562,l59,X1,c4,43244,7.09,True,NOTINVOLVED_PURCHASE
21234834,l11,X5,c2,32816,6.56,True,NOTINVOLVED_PURCHASE
21261746,l25,X3,c2,73060,10.93,True,NOTINVOLVED_PURCHASE
21262260,A6,X5,c2,55679,9.31,True,NORMAL_PURCHASE
21291899,l5,X2,c2,72204,7.37,True,NOTINVOLVED_PURCHASE
21296924,l56,X4,c3,56991,5.6,True,NOTINVOLVED_PURCHASE
21302828,l75,X6,c4,89934,6.37,True,NOTINVOLVED_PURCHASE
21360782,l46,X1,c6,89583,7.49,True,NOTINVOLVED_PURCHASE
21364978,l27,X4,c1,64290,3.6,True,NOTINVOLVED_PURCHASE
21379368,l0,X6,c5,72749,26.75,True,NOTINVOLVED_PURCHASE
21379713,x5,X6,c4,110565,6.72,True,SHADOW_PURCHASE3
21396810,l77,X6,c2,47886,6.01,True,NOTINVOLVED_PURCHASE
21409768,l9,X4,c3,115420,5.53,True,NOTINVOLVED_PURCHASE
21429301,l60,X4,c1,73787,2.51,True,NOTINVOLVED_PURCHASE
21441444,l36,X5,c5,34657,25.9,True,NOTINVOLVED_PURCHASE
21447708,l6,X6,c5,70377,26.28,True,NOTINVOLVED_PURCHASE
21458704,l14,X4,c3,96953,5.57,True,NOTINVOLVED_PURCHASE
21469871,l21,X2,c5,106097,21.85,True,NOTINVOLVED_PURCHASE
21475874,l53,X2,c2,84492,9.15,True,NOTINVOLVED_PURCHASE
21486000,l41,X4,c3,65565,2.38,True,NOTINVOLVED_PURCHASE
21486662,l24,X3,c2,116866,11.52,True,NOTINVOLVED_PURCHASE
21487986,l55,X6,c4,108043,10.11,True,NOTINVOLVED_PURCHASE
21488382,l16,X3,c5,76655,19.29,True,NOTINVOLVED_PURCHASE
21501251,l49,X0,c5,107403,15.36,True,NOTINVOLVED_PURCHASE
21515564,l50,X0,c2,67503,8.96,True,NOTINVOLVED_PURCHASE
21531318,l44,X1,c6,76519,6.88,True,NOTINVOLVED_PURCHASE
21566992,l7,X5,c2,50562,8.5,True,NOTINVOLVED_PURCHASE
21622687,A0,X3,c5,93611,25.84,True,NORMAL_PURCHASE
21647081,l8,X0,c4,56295,7.01,True,NOTINVOLVED_PURCHASE
21657384,l12,X5,c5,81571,19.69,True,NOTINVOLVED_PURCHASE
21674937,l76,X2,c6,60019,10.21,True,NOTINVOLVED_PURCHASE
21682621,l63,X2,c6,103739,9.9,True,NOTINVOLVED_PURCHASE
21691043,l34,X2,c6,69047,8.76,True,NOTINVOLVED_PURCHASE
21692296,l29,X0,c1,114848,3.42,True,NOTINVOLVED_PURCHASE
21712579,l30,X5,c2,72266,3.88,True,NOTINVOLVED_PURCHASE
21716925,l54,X1,c6,47954,5.93,True,NOTINVOLVED_PURCHASE
21721717,l58,X5,c5,43924,22.6,True,NOTINVOLVED_PURCHASE
21763173,l68,X3,c5,113067,18.84,True,NOTINVOLVED_PURCHASE
21767526,l33,X0,c1,113846,2.83,True,NOTINVOLVED_PURCHASE
21786370,l2,X0,c1,113722,2.3,True,NOTINVOLVED_PURCHASE
21835204,A5,X4,c1,44542,2.25,True,NORMAL_PURCHASE
21838801,l51,X1,c4,116502,15.59,True,NOTINVOLVED_PURCHASE
21856295,l20,X6,c4,106772,10.07,True,NOTINVOLVED_PURCHASE
21868294,l65,X6,c4,119022,12.85,True,NOTINVOLVED_PURCHASE
21885150,l67,X2,c6,71786,9.83,True,NOTINVOLVED_PURCHASE
21901140,l3,X1,c6,97733,4.36,True,NOTINVOLVED_PURCHASE
21921909,l1,X2,c6,97097,5.45,True,NOTINVOLVED_PURCHASE
21937995,l32,X5,c5,74190,6.97,True,NOTINVOLVED_PURCHASE
21962193,l79,X6,c4,96041,6.48,True,NOTINVOLVED_PURCHASE
21975386,l47,X2,c6,35867,6.44,True,NOTINVOLVED_PURCHASE
21983259,l62,X3,c5,94847,15.73,True,NOTINVOLVED_PURCHASE
22018621,l71,X5,c2,96192,4.58,True,NOTINVOLVED_PURCHASE
22058619,l73,X1,c6,54983,9.72,True,NOTINVOLVED_PURCHASE
22135600,l69,X4,c3,30541,3.72,True,NOTINVOLVED_PURCHASE
22144337,l35,X1,c4,88881,12.64,True,NOTINVOLVED_PURCHASE
22173245,l15,X0,c1,75456,2.33,True,NOTINVOLVED_PURCHASE
22184759,l66,X3,c2,43330,5.86,True,NOTINVOLVED_PURCHASE
22195948,A1,X4,c1,71785,3.15,True,NORMAL_PURCHASE
22204768,l4,X2,c5,63331,6.78,True,NOTINVOLVED_PURCHASE
22205473,l42,X4,c1,34805,2.46,True,NOTINVOLVED_PURCHASE
22283858,l45,X5,c2,114281,6.89,True,NOTINVOLVED_PURCHASE
22568683,l39,X3,c1,119672,3.22,True,NOTINVOLVED_PURCHASE
22642270,l70,X0,c2,69810,8.36,True,NOTINVOLVED_PURCHASE
22719053,l13,X5,c2,65968,6.66,True,NOTINVOLVED_PURCHASE
22829660,l64,X3,c2,68318,3.82,True,NOTINVOLVED_PURCHASE
23214590,l74,X1,c4,70295,15.12,True,NOTINVOLVED_PURCHASE
23239670,l37,X2,c6,88156,4.99,True,NOTINVOLVED_PURCHASE
23367517,l19,X2,c5,51056,11.1,True,NOTINVOLVED_PURCHASE
23394245,l26,X6,c5,85151,18.9,True,NOTINVOLVED_PURCHASE
23429259,A2,a1,c2,78479,11.4,True,SHADOW_PURCHASE1
23450813,A4,X6,c2,89871,12.03,True,NORMAL_PURCHASE
23457686,l43,X6,c2,62581,10.2,True,NOTINVOLVED_PURCHASE
23464301,l22,X2,c2,83681,12.77,True,NOTINVOLVED_PURCHASE
23560615,l23,X5,c5,97155,20.38,True,NOTINVOLVED_PURCHASE
23572635,l52,X2,c5,91611,11.64,True,NOTINVOLVED_PURCHASE
23582939,l78,X6,c5,102959,16.02,True,NOTINVOLVED_PURCHASE
23609157,l31,X6,c4,119700,15.53,True,NOTINVOLVED_PURCHASE
23634461,A6,X0,c5,103916,15.38,True,NORMAL_PURCHASE
23655034,A3,a1,c1,42340,3.21,True,SHADOW_PURCHASE1
23669757,l18,X2,c2,50579,5.87,True,NOTINVOLVED_PURCHASE
23677887,a1,x3,c2,78479,10.73,False,SHADOW_PURCHASE2
23693553,l17,X2,c4,102731,13.55,True,NOTINVOLVED_PURCHASE
23705895,l11,X4,c1,54708,2.36,True,NOTINVOLVED_PURCHASE
23732554,l10,X0,c5,30646,26.84,True,NOTINVOLVED_PURCHASE
23746917,l59,X3,c1,64873,3.81,True,NOTINVOLVED_PURCHASE
23753067,l75,X6,c2,104205,6.06,True,NOTINVOLVED_PURCHASE
23766201,A7,a2,c1,98333,2.36,True,SHADOW_PURCHASE1
23770152,l57,X3,c5,62745,20.58,True,NOTINVOLVED_PURCHASE
23812165,l77,X1,c4,98955,7.49,True,NOTINVOLVED_PURCHASE
23813406,l48,X2,c5,58230,9.73,True,NOTINVOLVED_PURCHASE
23848806,l5,X2,c4,97600,14.61,True,NOTINVOLVED_PURCHASE
23850672,l61,X1,c4,34903,10.11,True,NOTINVOLVED_PURCHASE
23855864,l38,X5,c5,46845,21.19,True,NOTINVOLVED_PURCHASE
23887467,l49,X4,c3,107011,2.16,True,NOTINVOLVED_PURCHASE
23890796,a1,x4,c1,42340,2.02,False,SHADOW_PURCHASE2
23891003,l36,X0,c4,35043,12.85,True,NOTINVOLVED_PURCHASE
23895531,l56,X3,c2,69123,6.85,True,NOTINVOLVED_PURCHASE
23903384,l28,X3,c5,105703,15.38,True,NOTINVOLVED_PURCHASE
23908631,l46,X0,c4,117050,5.61,True,NOTINVOLVED_PURCHASE
23920024,l72,X1,c6,65653,5.73,True,NOTINVOLVED_PURCHASE
23948864,l27,X0,c4,113863,7.49,True,NOTINVOLVED_PURCHASE
23961419,x3,X6,c2,78479,4.25,True,SHADOW_PURCHASE3
23988759,l9,X3,c5,87643,25.94,True,NOTINVOLVED_PURCHASE
23992587,l40,X2,c2,107530,12.78,True,NOTINVOLVED_PURCHASE
24010645,l60,X4,c1,51761,2.93,True,NOTINVOLVED_PURCHASE
24017609,l16,X3,c5,57653,23.74,True,NOTINVOLVED_PURCHASE
24041069,l41,X1,c6,84103,5.68,True,NOTINVOLVED_PURCHASE
24042681,a2,x1,c1,98333,1.52,False,SHADOW_PURCHASE2
24047962,l44,X3,c5,70353,24.08,True,NOTINVOLVED_PURCHASE
24051090,l25,X0,c1,110459,3.55,True,NOTINVOLVED_PURCHASE
24057398,l21,X2,c6,72772,5.28,True,NOTINVOLVED_PURCHASE
24109281,A0,X0,c2,101020,8.67,True,NORMAL_PURCHASE
24117275,l24,X3,c1,89227,3.4,True,NOTINVOLVED_PURCHASE
24145700,l29,X4,c1,96218,2.88,True,NOTINVOLVED_PURCHASE
24158737,x4,X0,c1,42340,1.79,True,SHADOW_PURCHASE3
24159928,l33,X6,c5,70616,12.76,True,NOTINVOLVED_PURCHASE
24186656,l76,X0,c5,30394,7.45,True,NOTINVOLVED_PURCHASE
24206052,l68,X3,c1,89601,2.05,True,NOTINVOLVED_PURCHASE
24224700,l50,X1,c4,75600,15.68,True,NOTINVOLVED_PURCHASE
24227781,l0,X5,c5,85233,16.68,True,NOTINVOLVED_PURCHASE
24229735,l34,X2,c5,80405,24.15,True,NOTINVOLVED_PURCHASE
24234411,l14,X4,c1,46501,3.74,True,NOTINVOLVED_PURCHASE
24240270,l12,X3,c2,110173,10.92,True,NOTINVOLVED_PURCHASE
24263091,l55,X4,c3,43663,3.88,True,NOTINVOLVED_PURCHASE
24279875,l3,X3,c5,104685,23.27,True,NOTINVOLVED_PURCHASE
24294460,l67,X1,c4,101395,4.85,True,NOTINVOLVED_PURCHASE
24299683,l54,X3,c5,36780,7.05,True,NOTINVOLVED_PURCHASE
24306392,x1,X4,c1,98333,1.0,True,SHADOW_PURCHASE3
24309096,l6,X4,c1,107898,2.67,True,NOTINVOLVED_PURCHASE
24315076,A5,a4,c4,111202,13.39,True,SHADOW_PURCHASE1
24329057,l2,X1,c6,99063,5.17,True,NOTINVOLVED_PURCHASE
24333257,l65,X3,c2,79756,6.71,True,NOTINVOLVED_PURCHASE
24333915,l53,X2,c6,84143,5.55,True,NOTINVOLVED_PURCHASE
24344544,l1,X2,c2,56925,11.45,True,NOTINVOLVED_PURCHASE
24353433,l7,X6,c5,67119,24.56,True,NOTINVOLVED_PURCHASE
24362495,l30,X5,c5,33617,18.12,True,NOTINVOLVED_PURCHASE
24392499,l58,X2,c4,45479,14.01,True,NOTINVOLVED_PURCHASE
24399102,l8,X0,c5,32751,12.98,True,NOTINVOLVED_PURCHASE
24441038,l20,X6,c2,39995,12.48,True,NOTINVOLVED_PURCHASE
24443470,l51,X1,c4,74969,14.51,True,NOTINVOLVED_PURCHASE
24487920,l63,X2,c6,93493,5.17,True,NOTINVOLVED_PURCHASE
24554430,a4,x3,c4,111202,6.99,False,SHADOW_PURCHASE2
24568958,l35,X5,c2,38456,4.42,True,NOTINVOLVED_PURCHASE
24605291,l62,X1,c4,51046,6.61,True,NOTINVOLVED_PURCHASE
24730666,l47,X2,c5,89875,13.26,True,NOTINVOLVED_PURCHASE
24756124,l4,X1,c6,58239,7.36,True,NOTINVOLVED_PURCHASE
24764443,l32,X4,c3,67025,3.08,True,NOTINVOLVED_PURCHASE
24784909,l71,X5,c5,103961,23.1,True,NOTINVOLVED_PURCHASE
24798635,x3,X6,c4,111202,3.88,True,SHADOW_PURCHASE3
24831721,l42,X4,c1,73492,2.87,True,NOTINVOLVED_PURCHASE
24837735,A1,a0,c1,105845,3.21,True,SHADOW_PURCHASE1
24845393,l79,X3,c2,111617,13.49,True,NOTINVOLVED_PURCHASE
24867934,l45,X6,c2,39482,13.02,True,NOTINVOLVED_PURCHASE
24889318,l15,X6,c4,70964,5.34,True,NOTINVOLVED_PURCHASE
24928752,l69,X0,c5,68534,25.15,True,NOTINVOLVED_PURCHASE
24947977,l73,X4,c3,100395,4.76,True,NOTINVOLVED_PURCHASE
24990261,l66,X4,c3,80569,2.12,True,NOTINVOLVED_PURCHASE
25025756,l70,X0,c5,112652,21.38,True,NOTINVOLVED_PURCHASE
25034153,l39,X0,c4,43911,6.54,True,NOTINVOLVED_PURCHASE
25096045,a0,x4,c1,105845,1.27,False,SHADOW_PURCHASE2
25232350,l64,X5,c5,91465,18.77,True,NOTINVOLVED_PURCHASE
25242972,l13,X2,c4,78061,6.68,True,NOTINVOLVED_PURCHASE
25373857,x4,X0,c1,105845,1.0,True,SHADOW_PURCHASE3
25759224,l37,X5,c2,119977,13.38,True,NOTINVOLVED_PURCHASE
25790678,l74,X3,c1,112795,3.77,True,NOTINVOLVED_PURCHASE
25923130,l19,X2,c2,34491,11.2,True,NOTINVOLVED_PURCHASE
25933913,A2,a1,c4,98821,14.66,True,SHADOW_PURCHASE1
25990244,l26,X4,c1,107314,3.0,True,NOTINVOLVED_PURCHASE
26030731,l52,X0,c1,97429,2.06,True,NOTINVOLVED_PURCHASE
26037648,l78,X4,c3,76447,4.91,True,NOTINVOLVED_PURCHASE
26051656,l31,X4,c1,61179,2.03,True,NOTINVOLVED_PURCHASE
26053841,A6,a2,c4,31731,11.3,True,SHADOW_PURCHASE1
26115952,l22,X3,c1,95468,3.23,True,NOTINVOLVED_PURCHASE
26157876,l23,X5,c2,75925,4.96,True,NOTINVOLVED_PURCHASE
26168150,A4,a5,c4,57254,13.85,True,SHADOW_PURCHASE1
26174630,l17,X0,c2,93070,11.11,True,NOTINVOLVED_PURCHASE
26176837,A3,a5,c2,72260,6.92,True,SHADOW_PURCHASE1
26179939,a1,x2,c4,98821,11.73,False,SHADOW_PURCHASE2
26203932,l77,X5,c5,35780,24.49,True,NOTINVOLVED_PURCHASE
26218362,l5,X6,c4,114247,16.29,True,NOTINVOLVED_PURCHASE
26258988,l49,X5,c5,53817,25.7,True,NOTINVOLVED_PURCHASE
26270575,l10,X2,c6,50142,7.92,True,NOTINVOLVED_PURCHASE
26304072,a2,x3,c4,31731,7.55,False,SHADOW_PURCHASE2
26317586,l61,X0,c2,94434,12.7,True,NOTINVOLVED_PURCHASE
26325736,l57,X6,c5,74071,27.25,True,NOTINVOLVED_PURCHASE
26339280,l43,X2,c2,116716,5.86,True,NOTINVOLVED_PURCHASE
26359030,l75,X6,c2,101594,9.14,True,NOTINVOLVED_PURCHASE
26413922,a5,x5,c4,57254,13.03,False,SHADOW_PURCHASE2
26436935,x2,X2,c4,98821,5.78,True,SHADOW_PURCHASE3
26450623,l36,X2,c4,113799,8.5,True,NOTINVOLVED_PURCHASE
26457554,a5,x3,c2,72260,5.31,False,SHADOW_PURCHASE2
26468047,l28,X5,c5,114658,21.67,True,NOTINVOLVED_PURCHASE
26502301,l48,X0,c5,78602,13.31,True,NOTINVOLVED_PURCHASE
26505955,l24,X3,c2,113768,11.05,True,NOTINVOLVED_PURCHASE
26521604,A7,X6,c5,110662,13.22,True,NORMAL_PURCHASE
26531916,l21,X5,c2,95202,9.49,True,NOTINVOLVED_PURCHASE
26533224,l18,X2,c2,90757,11.67,True,NOTINVOLVED_PURCHASE
26544179,l11,X1,c4,74247,16.26,True,NOTINVOLVED_PURCHASE
26564210,l56,X5,c2,62532,4.39,True,NOTINVOLVED_PURCHASE
26575480,x3,X6,c4,31731,3.87,True,SHADOW_PURCHASE3
26604579,l72,X5,c2,58137,7.63,True,NOTINVOLVED_PURCHASE
26615086,l46,X5,c2,54950,9.73,True,NOTINVOLVED_PURCHASE
26625324,l38,X5,c2,115645,6.13,True,NOTINVOLVED_PURCHASE
26628886,l59,X3,c2,90236,12.27,True,NOTINVOLVED_PURCHASE
26634603,l25,X0,c4,113801,15.2,True,NOTINVOLVED_PURCHASE
26640744,l33,X3,c1,60934,3.1,True,NOTINVOLVED_PURCHASE
26656365,x5,X0,c4,57254,9.27,True,SHADOW_PURCHASE3
26662665,l67,X6,c4,116529,12.48,True,NOTINVOLVED_PURCHASE
26671408,A0,a5,c5,70638,7.79,True,SHADOW_PURCHASE1
26671714,l29,X6,c4,49311,13.23,True,NOTINVOLVED_PURCHASE
26676035,l41,X6,c5,97980,14.86,True,NOTINVOLVED_PURCHASE
26677026,l76,X2,c4,36267,13.06,True,NOTINVOLVED_PURCHASE
26694829,x3,X6,c2,72260,4.33,True,SHADOW_PURCHASE3
26703196,l16,X3,c1,79069,2.4,True,NOTINVOLVED_PURCHASE
26713496,l9,X1,c4,50708,7.29,True,NOTINVOLVED_PURCHASE
26714570,l27,X1,c4,88471,15.7,True,NOTINVOLVED_PURCHASE
26737641,l44,X1,c4,58810,4.95,True,NOTINVOLVED_PURCHASE
26758144,l60,X4,c1,96942,2.14,True,NOTINVOLVED_PURCHASE
26769819,l58,X3,c2,30044,8.02,True,NOTINVOLVED_PURCHASE
26791158,l40,X4,c3,55617,5.17,True,NOTINVOLVED_PURCHASE
26802690,l65,X6,c2,114019,4.04,True,NOTINVOLVED_PURCHASE
26804899,l2,X1,c4,34966,7.82,True,NOTINVOLVED_PURCHASE
26808121,l50,X1,c4,48342,10.12,True,NOTINVOLVED_PURCHASE
26872390,l7,X4,c3,87573,5.69,True,NOTINVOLVED_PURCHASE
26903874,l53,X3,c5,96859,11.82,True,NOTINVOLVED_PURCHASE
26905695,a5,x1,c5,70638,5.56,False,SHADOW_PURCHASE2
26910204,l14,X4,c1,56362,2.26,True,NOTINVOLVED_PURCHASE
26913658,l54,X5,c2,104925,11.35,True,NOTINVOLVED_PURCHASE
26915944,l55,X4,c1,57691,3.45,True,NOTINVOLVED_PURCHASE
26953797,l68,X1,c6,48910,5.62,True,NOTINVOLVED_PURCHASE
26964083,l51,X6,c5,46423,18.28,True,NOTINVOLVED_PURCHASE
27003491,l3,X1,c4,77622,16.58,True,NOTINVOLVED_PURCHASE
27009777,l20,X3,c2,105554,3.9,True,NOTINVOLVED_PURCHASE
27011456,A5,X4,c1,89746,3.17,True,NORMAL_PURCHASE
27022232,l34,X2,c4,34596,16.14,True,NOTINVOLVED_PURCHASE
27086306,l6,X1,c4,69808,8.23,True,NOTINVOLVED_PURCHASE
27108518,l12,X5,c2,66748,5.76,True,NOTINVOLVED_PURCHASE
27112060,l0,X3,c5,35152,19.28,True,NOTINVOLVED_PURCHASE
27123059,l62,X1,c6,109746,5.56,True,NOTINVOLVED_PURCHASE
27135879,l35,X1,c6,98801,3.38,True,NOTINVOLVED_PURCHASE
27142843,x1,X6,c5,70638,2.94,True,SHADOW_PURCHASE3
27144519,l1,X2,c6,117308,2.74,True,NOTINVOLVED_PURCHASE
27175467,l32,X0,c4,77637,9.99,True,NOTINVOLVED_PURCHASE
27185313,l30,X3,c2,43959,12.55,True,NOTINVOLVED_PURCHASE
27221208,l8,X6,c2,91633,12.49,True,NOTINVOLVED_PURCHASE
27241901,l4,X0,c5,60524,14.13,True,NOTINVOLVED_PURCHASE
27245216,A1,X0,c5,65942,26.86,True,NORMAL_PURCHASE
27251566,l71,X5,c2,50515,11.93,True,NOTINVOLVED_PURCHASE
27294715,l63,X1,c6,49401,3.07,True,NOTINVOLVED_PURCHASE
27413432,l66,X3,c2,52052,12.89,True,NOTINVOLVED_PURCHASE
27421457,l15,X3,c5,90953,15.73,True,NOTINVOLVED_PURCHASE
27447200,l73,X5,c5,53430,12.06,True,NOTINVOLVED_PURCHASE
27484184,l70,X4,c3,63283,3.7,True,NOTINVOLVED_PURCHASE
27508454,l39,X5,c2,58377,4.31,True,NOTINVOLVED_PURCHASE
27541549,l79,X6,c2,87760,11.48,True,NOTINVOLVED_PURCHASE
27551552,l47,X2,c2,69354,7.97,True,NOTINVOLVED_PURCHASE
27576019,l42,X6,c5,31827,11.89,True,NOTINVOLVED_PURCHASE
27599800,l64,X0,c1,35750,2.6,True,NOTINVOLVED_PURCHASE
27638891,l69,X3,c5,30997,6.35,True,NOTINVOLVED_PURCHASE
27745955,l45,X4,c1,87738,3.43,True,NOTINVOLVED_PURCHASE
27873341,l13,X4,c3,113226,2.18,True,NOTINVOLVED_PURCHASE
28202390,l74,X3,c2,76232,7.8,True,NOTINVOLVED_PURCHASE
28423386,A2,a4,c5,80790,23.2,True,SHADOW_PURCHASE1
28513382,l19,X5,c5,59469,12.37,True,NOTINVOLVED_PURCHASE
28549952,l52,X0,c2,69290,5.76,True,NOTINVOLVED_PURCHASE
28574968,A6,a1,c4,90030,5.6,True,SHADOW_PURCHASE1
28588889,l37,X6,c5,96205,20.12,True,NOTINVOLVED_PURCHASE
28622548,l17,X1,c4,86432,9.38,True,NOTINVOLVED_PURCHASE
28647614,A3,X6,c2,78701,9.92,True,NORMAL_PURCHASE
28670936,l23,X3,c5,56563,12.71,True,NOTINVOLVED_PURCHASE
28696277,a4,x0,c5,80790,20.84,False,SHADOW_PURCHASE2
28723223,l31,X0,c4,86576,14.06,True,NOTINVOLVED_PURCHASE
28789762,l77,X1,c6,48936,3.29,True,NOTINVOLVED_PURCHASE
28791010,l75,X3,c1,76876,2.24,True,NOTINVOLVED_PURCHASE
28804020,l78,X4,c3,79268,5.73,True,NOTINVOLVED_PURCHASE
28830527,l26,X0,c2,71255,4.23,True,NOTINVOLVED_PURCHASE
28843510,a1,x5,c4,90030,3.61,False,SHADOW_PURCHASE2
28845544,l49,X5,c2,49246,4.8,True,NOTINVOLVED_PURCHASE
28853114,l22,X3,c5,113768,17.66,True,NOTINVOLVED_PURCHASE
28861364,l10,X2,c2,90453,12.91,True,NOTINVOLVED_PURCHASE
28942368,l28,X0,c5,104720,8.04,True,NOTINVOLVED_PURCHASE
28943194,x0,X3,c5,80790,13.04,True,SHADOW_PURCHASE3
28997462,A7,X0,c1,38169,2.67,True,NORMAL_PURCHASE
29003627,A4,a3,c2,88397,12.34,True,SHADOW_PURCHASE1
29031977,l43,X3,c2,101379,9.76,True,NOTINVOLVED_PURCHASE
29073174,l21,X0,c1,84782,3.9,True,NOTINVOLVED_PURCHASE
29082729,l56,X5,c2,65566,8.72,True,NOTINVOLVED_PURCHASE
29085575,l5,X2,c2,72882,7.53,True,NOTINVOLVED_PURCHASE
29085991,l72,X5,c5,91465,20.96,True,NOTINVOLVED_PURCHASE
29096003,x5,X6,c4,90030,2.85,True,SHADOW_PURCHASE3
29133957,l46,X5,c2,37359,10.38,True,NOTINVOLVED_PURCHASE
29149152,l44,X3,c2,30863,12.71,True,NOTINVOLVED_PURCHASE
29175038,l61,X1,c6,102992,9.46,True,NOTINVOLVED_PURCHASE
29186855,l57,X1,c6,43977,4.86,True,NOTINVOLVED_PURCHASE
29210789,l36,X1,c4,70023,11.93,True,NOTINVOLVED_PURCHASE
29238117,l18,X3,c1,61652,3.91,True,NOTINVOLVED_PURCHASE
29245267,l29,X0,c1,101055,3.32,True,NOTINVOLVED_PURCHASE
29280333,l33,X0,c4,110200,15.23,True,NOTINVOLVED_PURCHASE
29282119,a3,x0,c2,88397,8.63,False,SHADOW_PURCHASE2
29288343,l50,X4,c3,85312,2.14,True,NOTINVOLVED_PURCHASE
29308333,l67,X1,c6,71338,4.06,True,NOTINVOLVED_PURCHASE
29315327,l27,X0,c4,30096,10.32,True,NOTINVOLVED_PURCHASE
29324566,l48,X6,c4,91768,11.15,True,NOTINVOLVED_PURCHASE
29325453,l60,X4,c1,41442,2.79,True,NOTINVOLVED_PURCHASE
29326127,l11,X5,c2,85040,13.0,True,NOTINVOLVED_PURCHASE
29328777,l38,X1,c4,37897,12.75,True,NOTINVOLVED_PURCHASE
29330514,l2,X0,c1,83886,2.76,True,NOTINVOLVED_PURCHASE
29340227,l59,X3,c1,80570,3.33,True,NOTINVOLVED_PURCHASE
29341362,l14,X4,c3,50752,4.52,True,NOTINVOLVED_PURCHASE
29343597,l24,X6,c2,67714,4.37,True,NOTINVOLVED_PURCHASE
29344521,l16,X3,c2,114456,7.9,True,NOTINVOLVED_PURCHASE
29349745,l53,X5,c2,86656,6.38,True,NOTINVOLVED_PURCHASE
29383827,l25,X0,c4,78239,12.42,True,NOTINVOLVED_PURCHASE
29439930,l34,X0,c2,109339,7.87,True,NOTINVOLVED_PURCHASE
29446115,l40,X0,c1,54514,2.91,True,NOTINVOLVED_PURCHASE
29453970,l55,X1,c4,116713,11.71,True,NOTINVOLVED_PURCHASE
29488615,l68,X3,c2,43307,11.81,True,NOTINVOLVED_PURCHASE
29489618,A0,X0,c4,78039,13.72,True,NORMAL_PURCHASE
29491424,l76,X1,c4,81808,15.01,True,NOTINVOLVED_PURCHASE
29492769,l65,X3,c2,107293,11.5,True,NOTINVOLVED_PURCHASE
29503207,l3,X1,c4,83138,7.35,True,NOTINVOLVED_PURCHASE
29506788,l0,X6,c4,77566,9.24,True,NOTINVOLVED_PURCHASE
29532465,x0,X2,c2,88397,7.82,True,SHADOW_PURCHASE3
29542785,l7,X5,c2,33409,9.97,True,NOTINVOLVED_PURCHASE
29550746,l41,X1,c6,114376,10.25,True,NOTINVOLVED_PURCHASE
29591345,l9,X3,c2,108242,6.92,True,NOTINVOLVED_PURCHASE
29645420,l58,X4,c3,36242,2.99,True,NOTINVOLVED_PURCHASE
29699104,l54,X4,c3,71584,5.58,True,NOTINVOLVED_PURCHASE
29725669,l62,X1,c4,79815,15.59,True,NOTINVOLVED_PURCHASE
29729863,l32,X3,c5,53650,9.89,True,NOTINVOLVED_PURCHASE
29730100,l20,X6,c4,116645,11.62,True,NOTINVOLVED_PURCHASE
29735931,l51,X1,c4,113800,7.15,True,NOTINVOLVED_PURCHASE
29741604,l30,X3,c5,50532,25.99,True,NOTINVOLVED_PURCHASE
29751189,l4,X1,c6,61228,10.54,True,NOTINVOLVED_PURCHASE
29782300,l63,X6,c2,43185,7.79,True,NOTINVOLVED_PURCHASE
29794321,l1,X4,c1,39196,2.78,True,NOTINVOLVED_PURCHASE
29849640,A5,a5,c1,41780,3.03,True,SHADOW_PURCHASE1
29907797,l8,X5,c2,54406,6.15,True,NOTINVOLVED_PURCHASE
29918428,l6,X1,c4,69597,12.73,True,NOTINVOLVED_PURCHASE
29950813,l35,X5,c5,100265,9.51,True,NOTINVOLVED_PURCHASE
29977669,l12,X2,c6,83177,3.57,True,NOTINVOLVED_PURCHASE
29991281,l64,X0,c5,41811,7.56,True,NOTINVOLVED_PURCHASE
30002248,l71,X6,c2,52419,7.49,True,NOTINVOLVED_PURCHASE
30083680,A1,a5,c3,60136,3.64,True,SHADOW_PURCHASE1
30090785,a5,x5,c1,41780,2.57,False,SHADOW_PURCHASE2
30113896,l47,X5,c2,97733,8.08,True,NOTINVOLVED_PURCHASE
30172222,l70,X0,c4,71170,12.05,True,NOTINVOLVED_PURCHASE
30216673,l66,X1,c4,49807,13.57,True,NOTINVOLVED_PURCHASE
30231477,l45,X4,c1,118348,2.43,True,NOTINVOLVED_PURCHASE
30239850,l39,X5,c5,119610,15.11,True,NOTINVOLVED_PURCHASE
30290128,l15,X3,c5,34549,9.89,True,NOTINVOLVED_PURCHASE
30309239,l73,X1,c4,89597,8.41,True,NOTINVOLVED_PURCHASE
30335126,a5,x2,c3,60136,2.55,False,SHADOW_PURCHASE2
30359095,x5,X4,c1,41780,1.36,True,SHADOW_PURCHASE3
30365381,l42,X4,c3,65630,4.93,True,NOTINVOLVED_PURCHASE
30403112,l79,X6,c2,119738,5.7,True,NOTINVOLVED_PURCHASE
30420619,l69,X6,c2,93456,9.38,True,NOTINVOLVED_PURCHASE
30599847,l13,X3,c2,80648,10.74,True,NOTINVOLVED_PURCHASE
30602326,x2,X4,c3,60136,1.44,True,SHADOW_PURCHASE3
30631120,l74,X4,c3,93772,5.94,True,NOTINVOLVED_PURCHASE
30933612,l19,X2,c4,97419,7.96,True,NOTINVOLVED_PURCHASE
31035396,l52,X0,c4,41769,8.61,True,NOTINVOLVED_PURCHASE
31136274,l17,X3,c1,63700,3.64,True,NOTINVOLVED_PURCHASE
31213892,l31,X6,c5,116327,8.92,True,NOTINVOLVED_PURCHASE
31219693,l75,X6,c5,97474,6.66,True,NOTINVOLVED_PURCHASE
31221895,A2,a4,c5,44432,26.78,True,SHADOW_PURCHASE1
31223150,l23,X3,c5,106928,13.33,True,NOTINVOLVED_PURCHASE
31251338,l26,X0,c2,93207,10.99,True,NOTINVOLVED_PURCHASE
31261583,l37,X6,c4,48922,9.84,True,NOTINVOLVED_PURCHASE
31282125,l22,X2,c2,114120,8.74,True,NOTINVOLVED_PURCHASE
31282424,l77,X5,c5,99002,18.54,True,NOTINVOLVED_PURCHASE
31327154,A6,a1,c6,96199,3.79,True,SHADOW_PURCHASE1
31344312,l49,X5,c2,62786,12.92,True,NOTINVOLVED_PURCHASE
31405696,A3,X3,c2,58512,5.14,True,NORMAL_PURCHASE
31415508,l78,X1,c6,32743,6.0,True,NOTINVOLVED_PURCHASE
31459159,a4,x1,c5,44432,18.61,False,SHADOW_PURCHASE2
31523871,A7,X2,c2,64160,4.59,True,NORMAL_PURCHASE
31525188,l44,X5,c5,50903,18.19,True,NOTINVOLVED_PURCHASE
31566256,l10,X0,c2,57255,7.5,True,NOTINVOLVED_PURCHASE
31582584,a1,x4,c6,96199,3.09,False,SHADOW_PURCHASE2
31596367,l72,X4,c1,114388,3.09,True,NOTINVOLVED_PURCHASE
31606076,l43,X2,c5,33745,22.36,True,NOTINVOLVED_PURCHASE
31663713,l36,X2,c6,87727,5.92,True,NOTINVOLVED_PURCHASE
31690711,l5,X2,c4,110719,12.31,True,NOTINVOLVED_PURCHASE
31701552,l57,X1,c6,38937,3.83,True,NOTINVOLVED_PURCHASE
31710999,x1,X6,c5,44432,11.21,True,SHADOW_PURCHASE3
31724713,l48,X6,c4,76572,6.07,True,NOTINVOLVED_PURCHASE
31730245,l60,X5,c2,62680,7.02,True,NOTINVOLVED_PURCHASE
31742678,l56,X4,c3,119760,5.74,True,NOTINVOLVED_PURCHASE
31747995,l53,X3,c5,67351,16.98,True,NOTINVOLVED_PURCHASE
31757295,l14,X0,c5,35503,6.68,True,NOTINVOLVED_PURCHASE
31763011,l16,X6,c5,118449,26.07,True,NOTINVOLVED_PURCHASE
31771343,l29,X5,c2,119279,13.11,True,NOTINVOLVED_PURCHASE
31781189,l21,X4,c3,110906,3.15,True,NOTINVOLVED_PURCHASE
31786296,l67,X6,c4,77772,7.65,True,NOTINVOLVED_PURCHASE
31795171,l61,X5,c5,83400,21.38,True,NOTINVOLVED_PURCHASE
31799730,l28,X2,c6,118836,3.49,True,NOTINVOLVED_PURCHASE
31827071,l38,X1,c4,104907,9.41,True,NOTINVOLVED_PURCHASE
31837307,x4,X2,c6,96199,2.0,True,SHADOW_PURCHASE3
31860661,A4,X3,c2,76057,7.96,True,NORMAL_PURCHASE
31876342,l65,X0,c4,41891,12.9,True,NOTINVOLVED_PURCHASE
31897290,l34,X4,c3,114279,2.66,True,NOTINVOLVED_PURCHASE
31905449,l33,X4,c3,57020,5.09,True,NOTINVOLVED_PURCHASE
31923856,l18,X4,c1,95663,3.8,True,NOTINVOLVED_PURCHASE
31940600,l46,X1,c6,82959,8.15,True,NOTINVOLVED_PURCHASE
31954976,l55,X6,c5,102567,11.61,True,NOTINVOLVED_PURCHASE
32003762,l40,X0,c4,60383,5.13,True,NOTINVOLVED_PURCHASE
32030628,l27,X5,c2,108019,5.07,True,NOTINVOLVED_PURCHASE
32037295,l7,X4,c3,101890,4.3,True,NOTINVOLVED_PURCHASE
32098979,l59,X5,c2,114405,13.45,True,NOTINVOLVED_PURCHASE
32107111,A0,X6,c5,44522,15.03,True,NORMAL_PURCHASE
32114676,l2,X4,c3,101246,5.01,True,NOTINVOLVED_PURCHASE
32120314,l50,X6,c2,117482,7.34,True,NOTINVOLVED_PURCHASE
32174612,l24,X5,c2,119413,11.0,True,NOTINVOLVED_PURCHASE
32186834,l11,X5,c5,30901,23.54,True,NOTINVOLVED_PURCHASE
32188703,l63,X6,c5,92531,14.65,True,NOTINVOLVED_PURCHASE
32196591,l0,X3,c2,62842,11.94,True,NOTINVOLVED_PURCHASE
32196745,l76,X2,c6,57565,6.16,True,NOTINVOLVED_PURCHASE
32201690,l58,X2,c2,49420,13.45,True,NOTINVOLVED_PURCHASE
32265304,l25,X2,c2,91748,5.18,True,NOTINVOLVED_PURCHASE
32271238,l4,X2,c4,106277,10.21,True,NOTINVOLVED_PURCHASE
32286991,l68,X6,c2,111901,4.72,True,NOTINVOLVED_PURCHASE
32301568,A5,X4,c3,93087,3.36,True,NORMAL_PURCHASE
32312224,l51,X2,c5,51545,21.31,True,NOTINVOLVED_PURCHASE
32318795,l41,X4,c1,89347,3.34,True,NOTINVOLVED_PURCHASE
32340630,l32,X3,c1,98849,3.63,True,NOTINVOLVED_PURCHASE
32355754,l6,X2,c4,32058,13.27,True,NOTINVOLVED_PURCHASE
32371007,l9,X4,c3,68197,3.46,True,NOTINVOLVED_PURCHASE
32390107,l3,X4,c3,55544,2.61,True,NOTINVOLVED_PURCHASE
32420896,l12,X1,c6,87816,7.86,True,NOTINVOLVED_PURCHASE
32422439,l54,X4,c1,85065,2.21,True,NOTINVOLVED_PURCHASE
32468673,l30,X5,c2,71920,10.31,True,NOTINVOLVED_PURCHASE
32501634,l1,X6,c2,37449,4.82,True,NOTINVOLVED_PURCHASE
32504921,l62,X1,c6,62833,4.92,True,NOTINVOLVED_PURCHASE
32524720,l64,X5,c5,70954,8.5,True,NOTINVOLVED_PURCHASE
32546600,l20,X0,c5,117437,6.55,True,NOTINVOLVED_PURCHASE
32548699,l8,X6,c2,66642,7.45,True,NOTINVOLVED_PURCHASE
32622655,l66,X4,c1,103606,3.04,True,NOTINVOLVED_PURCHASE
32633852,l47,X6,c2,49043,3.8,True,NOTINVOLVED_PURCHASE
32651925,l45,X4,c1,70325,2.52,True,NOTINVOLVED_PURCHASE
32768406,l15,X0,c1,118361,2.44,True,NOTINVOLVED_PURCHASE
32791817,l71,X5,c5,77238,12.37,True,NOTINVOLVED_PURCHASE
32809434,l35,X6,c2,40486,12.17,True,NOTINVOLVED_PURCHASE
32865143,l70,X3,c1,81319,3.4,True,NOTINVOLVED_PURCHASE
32918941,A1,X6,c5,94243,20.69,True,NORMAL_PURCHASE
32932470,l39,X5,c5,70183,20.31,True,NOTINVOLVED_PURCHASE
32949251,l69,X6,c2,71213,10.22,True,NOTINVOLVED_PURCHASE
33043875,l42,X0,c4,32665,11.37,True,NOTINVOLVED_PURCHASE
33062219,l13,X2,c4,40005,6.88,True,NOTINVOLVED_PURCHASE
33132762,l73,X5,c2,81267,4.4,True,NOTINVOLVED_PURCHASE
33228146,l79,X6,c2,70998,7.65,True,NOTINVOLVED_PURCHASE
33422955,l74,X4,c1,95457,3.41,True,NOTINVOLVED_PURCHASE
33466939,l19,X5,c2,65036,5.57,True,NOTINVOLVED_PURCHASE
33658805,l23,X1,c6,94817,5.47,True,NOTINVOLVED_PURCHASE
33673685,l77,X6,c5,79889,22.99,True,NOTINVOLVED_PURCHASE
33683329,l37,X0,c5,119039,12.84,True,NOTINVOLVED_PURCHASE
33699715,A2,X2,c2,59143,6.22,True,NORMAL_PURCHASE
33718712,l31,X6,c5,32686,16.27,True,NOTINVOLVED_PURCHASE
33742625,l75,X6,c5,53605,25.79,True,NOTINVOLVED_PURCHASE
33774850,A6,a5,c4,30225,13.23,True,SHADOW_PURCHASE1
33801806,l52,X1,c6,30179,10.44,True,NOTINVOLVED_PURCHASE
33911178,l26,X4,c1,41996,2.38,True,NOTINVOLVED_PURCHASE
33951683,l78,X4,c3,64275,5.98,True,NOTINVOLVED_PURCHASE
33956684,l17,X2,c4,33058,13.94,True,NOTINVOLVED_PURCHASE
34016480,l22,X1,c6,54073,9.89,True,NOTINVOLVED_PURCHASE
34016875,a5,x2,c4,30225,6.47,False,SHADOW_PURCHASE2
34079860,l10,X2,c5,88451,18.65,True,NOTINVOLVED_PURCHASE
34081827,l36,X2,c6,42417,10.6,True,NOTINVOLVED_PURCHASE
34097645,l5,X6,c2,82707,7.2,True,NOTINVOLVED_PURCHASE
34098219,l43,X6,c4,43435,9.92,True,NOTINVOLVED_PURCHASE
34141000,l44,X3,c2,44718,3.89,True,NOTINVOLVED_PURCHASE
34210848,A3,X2,c2,92400,11.54,True,NORMAL_PURCHASE
34212166,l16,X2,c6,39258,7.36,True,NOTINVOLVED_PURCHASE
34235318,l49,X5,c5,52254,12.82,True,NOTINVOLVED_PURCHASE
34236528,l53,X5,c2,37069,3.93,True,NOTINVOLVED_PURCHASE
34250599,A7,X2,c5,34039,15.44,True,NORMAL_PURCHASE
34271054,x2,X1,c4,30225,3.52,True,SHADOW_PURCHASE3
34274288,l21,X0,c1,38516,2.07,True,NOTINVOLVED_PURCHASE
34277751,l56,X3,c1,85507,2.64,True,NOTINVOLVED_PURCHASE
34321034,l61,X0,c1,66650,3.8,True,NOTINVOLVED_PURCHASE
34322184,l14,X6,c4,38049,5.49,True,NOTINVOLVED_PURCHASE
34371283,l18,X6,c2,78628,4.97,True,NOTINVOLVED_PURCHASE
34377470,l29,X4,c3,108171,3.45,True,NOTINVOLVED_PURCHASE
34379277,l28,X2,c2,119587,12.33,True,NOTINVOLVED_PURCHASE
34391665,l72,X1,c6,102264,4.63,True,NOTINVOLVED_PURCHASE
34394866,l33,X3,c1,72791,2.43,True,NOTINVOLVED_PURCHASE
34434947,l34,X4,c3,94508,5.64,True,NOTINVOLVED_PURCHASE
34504661,A4,X6,c5,113034,25.97,True,NORMAL_PURCHASE
34516334,l27,X1,c6,80652,10.01,True,NOTINVOLVED_PURCHASE
34525812,l55,X0,c1,52148,3.11,True,NOTINVOLVED_PURCHASE
34542040,l48,X2,c2,54065,11.85,True,NOTINVOLVED_PURCHASE
34553525,l60,X4,c3,117500,4.65,True,NOTINVOLVED_PURCHASE
34571025,l7,X6,c4,39151,9.63,True,NOTINVOLVED_PURCHASE
34585095,l65,X4,c1,86629,3.7,True,NOTINVOLVED_PURCHASE
34592081,l57,X1,c4,41225,11.27,True,NOTINVOLVED_PURCHASE
34617304,l38,X3,c1,96587,2.54,True,NOTINVOLVED_PURCHASE
34646669,l46,X6,c4,92609,10.92,True,NOTINVOLVED_PURCHASE
34647728,l67,X2,c4,81223,8.23,True,NOTINVOLVED_PURCHASE
34667765,l76,X3,c2,97759,8.93,True,NOTINVOLVED_PURCHASE
34703917,l40,X4,c1,40735,2.5,True,NOTINVOLVED_PURCHASE
34728275,l25,X3,c5,52351,11.52,True,NOTINVOLVED_PURCHASE
34739194,A0,X1,c6,49951,4.08,True,NORMAL_PURCHASE
34742259,l2,X0,c5,109784,11.96,True,NOTINVOLVED_PURCHASE
34791072,l32,X5,c2,92512,3.61,True,NOTINVOLVED_PURCHASE
34808465,l9,X1,c6,116738,9.66,True,NOTINVOLVED_PURCHASE
34821405,l6,X4,c1,37666,2.22,True,NOTINVOLVED_PURCHASE
34841283,l51,X3,c5,73178,18.8,True,NOTINVOLVED_PURCHASE
34842001,l63,X6,c2,111746,7.29,True,NOTINVOLVED_PURCHASE
34882488,l0,X5,c5,74157,8.06,True,NOTINVOLVED_PURCHASE
34888111,l68,X3,c2,101628,4.82,True,NOTINVOLVED_PURCHASE
34893608,l30,X5,c2,82782,11.72,True,NOTINVOLVED_PURCHASE
34906750,l3,X3,c5,87976,26.04,True,NOTINVOLVED_PURCHASE
34907116,l4,X5,c5,107555,23.03,True,NOTINVOLVED_PURCHASE
34908972,l54,X4,c1,75388,3.83,True,NOTINVOLVED_PURCHASE
34909530,l59,X1,c6,72846,5.5,True,NOTINVOLVED_PURCHASE
34910622,l50,X6,c2,32097,10.36,True,NOTINVOLVED_PURCHASE
34915023,l41,X6,c5,100705,17.21,True,NOTINVOLVED_PURCHASE
34962418,l11,X0,c2,44545,5.99,True,NOTINVOLVED_PURCHASE
34968752,l58,X2,c2,91365,9.97,True,NOTINVOLVED_PURCHASE
35020614,l24,X0,c2,117749,8.2,True,NOTINVOLVED_PURCHASE
35067709,l62,X5,c2,31238,12.74,True,NOTINVOLVED_PURCHASE
35115464,l66,X5,c5,37547,13.88,True,NOTINVOLVED_PURCHASE
35121059,A5,X4,c1,86644,3.39,True,NORMAL_PURCHASE
35123355,l20,X2,c5,110802,23.34,True,NOTINVOLVED_PURCHASE
35175500,l1,X2,c4,50939,8.52,True,NOTINVOLVED_PURCHASE
35191821,l35,X1,c4,108421,15.43,True,NOTINVOLVED_PURCHASE
35202579,l64,X0,c4,62712,9.29,True,NOTINVOLVED_PURCHASE
35204036,l12,X1,c6,50252,8.47,True,NOTINVOLVED_PURCHASE
35249721,l8,X4,c1,45053,2.68,True,NOTINVOLVED_PURCHASE
35288145,l47,X2,c2,59267,10.08,True,NOTINVOLVED_PURCHASE
35303188,A1,X4,c3,57884,6.04,True,NORMAL_PURCHASE
35304886,l39,X6,c2,94231,10.0,True,NOTINVOLVED_PURCHASE
35367145,l45,X6,c2,72213,11.94,True,NOTINVOLVED_PURCHASE
35396698,l69,X6,c2,116990,12.88,True,NOTINVOLVED_PURCHASE
35422611,l15,X6,c4,40116,7.0,True,NOTINVOLVED_PURCHASE
35434017,l42,X0,c5,106656,19.56,True,NOTINVOLVED_PURCHASE
35450758,l71,X4,c3,38261,3.04,True,NOTINVOLVED_PURCHASE
35473784,l13,X3,c5,76328,23.08,True,NOTINVOLVED_PURCHASE
35571317,l73,X1,c4,60909,5.78,True,NOTINVOLVED_PURCHASE
35667877,l70,X3,c2,63491,9.11,True,NOTINVOLVED_PURCHASE
35852350,l79,X3,c5,66293,24.81,True,NOTINVOLVED_PURCHASE
35923259,l74,X1,c4,74049,12.43,True,NOTINVOLVED_PURCHASE
36057308,l19,X2,c5,50937,22.31,True,NOTINVOLVED_PURCHASE
36304486,A2,X5,c2,112738,9.08,True,NORMAL_PURCHASE
36327184,l26,X4,c3,42487,4.14,True,NOTINVOLVED_PURCHASE
36339891,l23,X1,c6,57836,6.25,True,NOTINVOLVED_PURCHASE
36351621,l17,X0,c1,87180,3.68,True,NOTINVOLVED_PURCHASE
36383028,l77,X1,c4,50029,5.25,True,NOTINVOLVED_PURCHASE
36389358,A6,X0,c1,85063,2.24,True,NORMAL_PURCHASE
36402016,l75,X6,c4,41943,4.82,True,NOTINVOLVED_PURCHASE
36420426,l31,X0,c2,58691,5.37,True,NOTINVOLVED_PURCHASE
36467966,l22,X3,c1,69210,2.68,True,NOTINVOLVED_PURCHASE
36480608,l37,X6,c5,96267,19.28,True,NOTINVOLVED_PURCHASE
36528107,l78,X0,c1,105112,2.33,True,NOTINVOLVED_PURCHASE
36565493,l52,X2,c5,107527,24.18,True,NOTINVOLVED_PURCHASE
36579926,l43,X2,c4,97289,14.94,True,NOTINVOLVED_PURCHASE
36675364,l49,X4,c3,55838,4.19,True,NOTINVOLVED_PURCHASE
36701723,l36,X2,c6,78096,7.47,True,NOTINVOLVED_PURCHASE
36723789,A3,X3,c5,119877,11.02,True,NORMAL_PURCHASE
36761466,l10,X0,c2,33730,12.56,True,NOTINVOLVED_PURCHASE
36782778,A7,a3,c4,45930,11.81,True,SHADOW_PURCHASE1
36784942,l53,X3,c5,100268,28.07,True,NOTINVOLVED_PURCHASE
36791561,l61,X0,c4,101141,5.29,True,NOTINVOLVED_PURCHASE
36795143,l18,X2,c5,97986,18.65,True,NOTINVOLVED_PURCHASE
36817132,l33,X6,c2,45745,6.98,True,NOTINVOLVED_PURCHASE
36835110,l29,X5,c2,103363,10.66,True,NOTINVOLVED_PURCHASE
36861201,l16,X6,c5,61213,6.44,True,NOTINVOLVED_PURCHASE
36914535,l14,X0,c2,117697,10.13,True,NOTINVOLVED_PURCHASE
36914693,l56,X0,c4,80674,6.93,True,NOTINVOLVED_PURCHASE
36932855,l28,X2,c2,85891,12.0,True,NOTINVOLVED_PURCHASE
36948867,l48,X6,c5,112468,26.65,True,NOTINVOLVED_PURCHASE
36977685,l72,X2,c6,61809,4.16,True,NOTINVOLVED_PURCHASE
36982601,l5,X2,c5,104825,27.36,True,NOTINVOLVED_PURCHASE
37012685,l27,X4,c3,66406,4.03,True,NOTINVOLVED_PURCHASE
37016933,a3,x1,c4,45930,10.09,False,SHADOW_PURCHASE2
37018130,l44,X5,c2,117534,7.5,True,NOTINVOLVED_PURCHASE
37025036,l21,X0,c4,47872,15.47,True,NOTINVOLVED_PURCHASE
37042083,l55,X1,c6,31035,5.71,True,NOTINVOLVED_PURCHASE
37073328,l46,X6,c5,59215,10.65,True,NOTINVOLVED_PURCHASE
37124366,A4,a1,c5,103474,14.36,True,SHADOW_PURCHASE1
37167526,l34,X0,c5,72182,18.78,True,NOTINVOLVED_PURCHASE
37172293,l67,X1,c4,47547,16.53,True,NOTINVOLVED_PURCHASE
37179155,l40,X2,c6,42335,3.19,True,NOTINVOLVED_PURCHASE
37189506,A0,a5,c1,79720,2.22,True,SHADOW_PURCHASE1
37233519,l25,X1,c6,117766,6.19,True,NOTINVOLVED_PURCHASE
37253018,l63,X4,c3,57072,2.87,True,NOTINVOLVED_PURCHASE
37254442,x1,X6,c4,45930,4.42,True,SHADOW_PURCHASE3
37275697,l30,X5,c5,95232,9.61,True,NOTINVOLVED_PURCHASE
37276787,l7,X6,c5,74008,14.06,True,NOTINVOLVED_PURCHASE
37278296,l65,X3,c5,54394,17.38,True,NOTINVOLVED_PURCHASE
37282056,l76,X2,c4,94751,16.64,True,NOTINVOLVED_PURCHASE
37308600,l57,X0,c2,81470,7.37,True,NOTINVOLVED_PURCHASE
37368005,l60,X2,c5,52326,14.2,True,NOTINVOLVED_PURCHASE
37369619,a1,x4,c5,103474,11.26,False,SHADOW_PURCHASE2
37408123,l41,X1,c6,109143,10.23,True,NOTINVOLVED_PURCHASE
37425805,l38,X3,c5,92877,25.38,True,NOTINVOLVED_PURCHASE
37436258,l51,X2,c6,90314,3.79,True,NOTINVOLVED_PURCHASE
37449049,l32,X4,c1,39389,3.8,True,NOTINVOLVED_PURCHASE
37469022,a5,x1,c1,79720,1.4,False,SHADOW_PURCHASE2
37517943,l58,X2,c5,86852,14.23,True,NOTINVOLVED_PURCHASE
37544465,l6,X1,c6,54089,9.0,True,NOTINVOLVED_PURCHASE
37566117,l62,X1,c6,83734,7.01,True,NOTINVOLVED_PURCHASE
37575462,l4,X2,c4,43345,7.53,True,NOTINVOLVED_PURCHASE
37580020,l59,X3,c2,61119,8.43,True,NOTINVOLVED_PURCHASE
37584952,l68,X6,c2,96039,11.35,True,NOTINVOLVED_PURCHASE
37599346,l3,X2,c5,93236,22.0,True,NOTINVOLVED_PURCHASE
37602691,l2,X6,c2,77789,7.49,True,NOTINVOLVED_PURCHASE
37613116,l20,X0,c2,116276,13.23,True,NOTINVOLVED_PURCHASE
37633870,l64,X3,c2,119572,10.88,True,NOTINVOLVED_PURCHASE
37649508,l11,X4,c3,59769,2.89,True,NOTINVOLVED_PURCHASE
37650868,x4,X6,c5,103474,4.0,True,SHADOW_PURCHASE3
37666257,l54,X4,c1,31179,3.14,True,NOTINVOLVED_PURCHASE
37667611,l24,X6,c4,75348,6.94,True,NOTINVOLVED_PURCHASE
37678310,A1,a0,c5,45255,20.36,True,SHADOW_PURCHASE1
37680272,l0,X6,c2,55201,4.98,True,NOTINVOLVED_PURCHASE
37697968,l9,X3,c5,38387,10.3,True,NOTINVOLVED_PURCHASE
37699797,l12,X1,c6,88487,9.9,True,NOTINVOLVED_PURCHASE
37726815,x1,X4,c1,79720,1.0,True,SHADOW_PURCHASE3
37731116,l50,X4,c1,94008,2.6,True,NOTINVOLVED_PURCHASE
37738077,A5,X0,c2,55940,8.14,True,NORMAL_PURCHASE
37746979,l39,X5,c2,50606,9.27,True,NOTINVOLVED_PURCHASE
37785815,l35,X1,c6,84654,9.71,True,NOTINVOLVED_PURCHASE
37830658,l66,X4,c1,30248,3.37,True,NOTINVOLVED_PURCHASE
37959044,a0,x5,c5,45255,18.13,False,SHADOW_PURCHASE2
37963599,l15,X6,c2,115743,8.73,True,NOTINVOLVED_PURCHASE
37971961,l71,X6,c5,73486,22.95,True,NOTINVOLVED_PURCHASE
37987747,l1,X6,c5,33607,17.44,True,NOTINVOLVED_PURCHASE
38002301,l45,X5,c5,82427,20.75,True,NOTINVOLVED_PURCHASE
38056830,l73,X5,c5,65386,24.74,True,NOTINVOLVED_PURCHASE
38076610,l69,X4,c1,39498,3.64,True,NOTINVOLVED_PURCHASE
38094521,l47,X6,c5,116998,14.13,True,NOTINVOLVED_PURCHASE
38095079,l8,X4,c3,82644,3.34,True,NOTINVOLVED_PURCHASE
38212589,x5,X0,c5,45255,9.88,True,SHADOW_PURCHASE3
38258235,l42,X4,c1,58580,3.09,True,NOTINVOLVED_PURCHASE
38297959,l13,X5,c5,85108,10.83,True,NOTINVOLVED_PURCHASE
38486569,l19,X2,c5,100580,27.91,True,NOTINVOLVED_PURCHASE
38550031,l70,X4,c1,68926,3.76,True,NOTINVOLVED_PURCHASE
38591576,l74,X1,c4,106127,6.79,True,NOTINVOLVED_PURCHASE
38717116,l23,X1,c4,96254,7.57,True,NOTINVOLVED_PURCHASE
38719794,l79,X0,c2,115244,11.58,True,NOTINVOLVED_PURCHASE
38774891,l17,X1,c6,68984,9.92,True,NOTINVOLVED_PURCHASE
38985819,l37,X2,c4,71598,10.73,True,NOTINVOLVED_PURCHASE
39016359,l31,X0,c4,51963,14.09,True,NOTINVOLVED_PURCHASE
39034917,A6,X1,c4,119743,14.01,True,NORMAL_PURCHASE
39076640,l77,X1,c4,42640,15.6,True,NOTINVOLVED_PURCHASE
39117751,l52,X0,c1,71358,3.49,True,NOTINVOLVED_PURCHASE
39118183,A2,X5,c2,66778,11.72,True,NORMAL_PURCHASE
39140402,l22,X0,c2,73281,5.95,True,NOTINVOLVED_PURCHASE
39181150,l75,X2,c5,117491,26.41,True,NOTINVOLVED_PURCHASE
39182325,A7,X1,c4,115031,15.39,True,NORMAL_PURCHASE
39187990,l26,X0,c1,77723,3.5,True,NOTINVOLVED_PURCHASE
39252221,l18,X4,c1,94138,2.3,True,NOTINVOLVED_PURCHASE
39272513,l43,X6,c2,33789,12.58,True,NOTINVOLVED_PURCHASE
39309150,l49,X6,c5,55457,10.83,True,NOTINVOLVED_PURCHASE
39326522,l78,X4,c3,34141,4.81,True,NOTINVOLVED_PURCHASE
39371726,A3,X3,c2,74760,10.4,True,NORMAL_PURCHASE
39399512,l14,X5,c5,95053,21.0,True,NOTINVOLVED_PURCHASE
39432835,l33,X4,c1,71322,2.15,True,NOTINVOLVED_PURCHASE
39455294,l44,X5,c5,95048,14.04,True,NOTINVOLVED_PURCHASE
39461891,l36,X0,c1,108809,2.84,True,NOTINVOLVED_PURCHASE
39523560,l10,X4,c1,35374,2.77,True,NOTINVOLVED_PURCHASE
39613339,l53,X3,c5,40043,27.47,True,NOTINVOLVED_PURCHASE
39615763,l5,X2,c6,88829,4.5,True,NOTINVOLVED_PURCHASE
39617922,l16,X6,c5,45062,22.73,True,NOTINVOLVED_PURCHASE
39642755,l61,X0,c4,46174,12.92,True,NOTINVOLVED_PURCHASE
39650542,l27,X1,c6,117916,5.58,True,NOTINVOLVED_PURCHASE
39651784,l21,X2,c2,99348,8.43,True,NOTINVOLVED_PURCHASE
39686341,l56,X0,c5,92674,7.61,True,NOTINVOLVED_PURCHASE
39701234,l29,X0,c1,116821,3.61,True,NOTINVOLVED_PURCHASE
39719417,l48,X6,c2,50894,10.81,True,NOTINVOLVED_PURCHASE
39756826,l28,X5,c5,66495,18.4,True,NOTINVOLVED_PURCHASE
39783703,A4,X4,c1,118449,2.99,True,NORMAL_PURCHASE
39800066,A0,a5,c2,82350,8.17,True,SHADOW_PURCHASE1
39812490,l40,X4,c3,100691,4.01,True,NOTINVOLVED_PURCHASE
39825304,l57,X1,c4,34359,5.81,True,NOTINVOLVED_PURCHASE
39840343,l34,X4,c3,40094,2.86,True,NOTINVOLVED_PURCHASE
39842714,l72,X2,c5,96804,22.04,True,NOTINVOLVED_PURCHASE
39858743,l55,X1,c6,57112,8.62,True,NOTINVOLVED_PURCHASE
39867661,l30,X6,c4,88977,5.11,True,NOTINVOLVED_PURCHASE
39870883,l63,X1,c6,42805,7.57,True,NOTINVOLVED_PURCHASE
39887191,l51,X2,c5,48728,17.6,True,NOTINVOLVED_PURCHASE
39908838,l46,X1,c6,104475,4.73,True,NOTINVOLVED_PURCHASE
39932429,l41,X2,c6,89765,9.4,True,NOTINVOLVED_PURCHASE
39973372,l67,X1,c6,49255,2.81,True,NOTINVOLVED_PURCHASE
39978832,l25,X3,c1,64183,3.47,True,NOTINVOLVED_PURCHASE
40003431,l20,X3,c2,107728,12.73,True,NOTINVOLVED_PURCHASE
40050878,a5,x1,c2,82350,7.28,False,SHADOW_PURCHASE2
40065702,l68,X6,c5,49143,7.07,True,NOTINVOLVED_PURCHASE
40066413,l76,X0,c2,101390,5.85,True,NOTINVOLVED_PURCHASE
40078083,l64,X4,c1,39946,2.21,True,NOTINVOLVED_PURCHASE
40083469,l9,X3,c1,102125,3.28,True,NOTINVOLVED_PURCHASE
40107716,l0,X3,c2,84527,5.87,True,NOTINVOLVED_PURCHASE
40122092,l62,X5,c5,110089,20.21,True,NOTINVOLVED_PURCHASE
40133414,l59,X1,c4,102620,13.25,True,NOTINVOLVED_PURCHASE
40139127,l7,X4,c1,95716,2.93,True,NOTINVOLVED_PURCHASE
40140026,l3,X3,c5,97678,21.77,True,NOTINVOLVED_PURCHASE
40140326,l60,X4,c3,85576,2.27,True,NOTINVOLVED_PURCHASE
40155251,l65,X6,c5,99684,15.89,True,NOTINVOLVED_PURCHASE
40162899,l24,X6,c5,67779,15.51,True,NOTINVOLVED_PURCHASE
40172172,l6,X1,c4,94856,11.05,True,NOTINVOLVED_PURCHASE
40203027,l58,X4,c1,41217,3.55,True,NOTINVOLVED_PURCHASE
40221286,l50,X6,c2,88155,7.33,True,NOTINVOLVED_PURCHASE
40245915,l2,X4,c3,38112,3.1,True,NOTINVOLVED_PURCHASE
40292998,A5,X0,c2,70887,11.61,True,NORMAL_PURCHASE
40296539,l38,X5,c2,59165,7.45,True,NOTINVOLVED_PURCHASE
40316025,x1,X6,c2,82350,3.43,True,SHADOW_PURCHASE3
40317665,l32,X0,c2,79706,7.72,True,NOTINVOLVED_PURCHASE
40332957,l66,X1,c4,114261,9.62,True,NOTINVOLVED_PURCHASE
40345200,l39,X5,c5,113503,6.27,True,NOTINVOLVED_PURCHASE
40354408,l4,X0,c1,101484,1.98,True,NOTINVOLVED_PURCHASE
40398255,l45,X4,c3,37723,4.39,True,NOTINVOLVED_PURCHASE
40399054,l11,X1,c6,71222,3.36,True,NOTINVOLVED_PURCHASE
40425973,l54,X3,c1,66730,2.88,True,NOTINVOLVED_PURCHASE
40442824,l1,X5,c5,31398,26.53,True,NOTINVOLVED_PURCHASE
40483210,l15,X3,c1,87684,2.52,True,NOTINVOLVED_PURCHASE
40544096,A1,a0,c1,90996,2.24,True,SHADOW_PURCHASE1
40560484,l12,X2,c2,31318,7.3,True,NOTINVOLVED_PURCHASE
40609664,l69,X0,c1,107045,3.64,True,NOTINVOLVED_PURCHASE
40675535,l35,X1,c4,30731,7.43,True,NOTINVOLVED_PURCHASE
40679725,l71,X5,c2,94260,11.53,True,NOTINVOLVED_PURCHASE
40695281,l47,X6,c2,85798,10.32,True,NOTINVOLVED_PURCHASE
40745424,l42,X4,c3,40499,2.68,True,NOTINVOLVED_PURCHASE
40758468,l73,X1,c6,105484,6.7,True,NOTINVOLVED_PURCHASE
40790184,a0,x0,c1,90996,1.54,False,SHADOW_PURCHASE2
40810274,l13,X5,c2,78856,9.01,True,NOTINVOLVED_PURCHASE
40967204,l19,X5,c2,42187,4.03,True,NOTINVOLVED_PURCHASE
40982194,l70,X3,c2,57946,7.62,True,NOTINVOLVED_PURCHASE
40986428,l8,X5,c2,44467,12.82,True,NOTINVOLVED_PURCHASE
41071623,x0,X3,c1,90996,1.0,True,SHADOW_PURCHASE3
41229611,l79,X0,c5,44413,13.49,True,NOTINVOLVED_PURCHASE
41278456,l74,X1,c6,114689,9.09,True,NOTINVOLVED_PURCHASE
41295667,l23,X1,c6,69062,6.49,True,NOTINVOLVED_PURCHASE
41399395,l17,X0,c1,58797,2.62,True,NOTINVOLVED_PURCHASE
41465805,l31,X4,c1,114966,2.8,True,NOTINVOLVED_PURCHASE
41486965,l77,X6,c2,59883,12.63,True,NOTINVOLVED_PURCHASE
41519246,l37,X0,c5,32193,23.99,True,NOTINVOLVED_PURCHASE
41650101,l22,X1,c4,35518,15.04,True,NOTINVOLVED_PURCHASE
41661576,l26,X0,c4,88643,7.59,True,NOTINVOLVED_PURCHASE
41673175,l18,X6,c4,38441,13.7,True,NOTINVOLVED_PURCHASE
41705804,l43,X6,c5,77576,24.29,True,NOTINVOLVED_PURCHASE
41715214,l49,X4,c3,111081,5.19,True,NOTINVOLVED_PURCHASE
41757332,A6,a5,c4,90236,12.04,True,SHADOW_PURCHASE1
41823158,A2,a4,c1,75657,2.25,True,SHADOW_PURCHASE1
41836759,l33,X6,c5,99017,17.6,True,NOTINVOLVED_PURCHASE
41891407,l10,X0,c4,47852,7.65,True,NOTINVOLVED_PURCHASE
41902572,l52,X2,c2,81458,12.12,True,NOTINVOLVED_PURCHASE
41929005,l75,X0,c1,106537,2.63,True,NOTINVOLVED_PURCHASE
41951975,l44,X5,c5,68180,24.12,True,NOTINVOLVED_PURCHASE
41974947,A3,X2,c2,44266,6.65,True,NORMAL_PURCHASE
41977281,A7,X2,c4,97792,8.89,True,NORMAL_PURCHASE
42023635,a5,x3,c4,90236,10.45,False,SHADOW_PURCHASE2
42035116,l14,X5,c5,68820,6.73,True,NOTINVOLVED_PURCHASE
42062108,l5,X6,c4,75021,16.45,True,NOTINVOLVED_PURCHASE
42074038,l61,X0,c1,107710,3.59,True,NOTINVOLVED_PURCHASE
42091955,l29,X4,c3,89281,4.41,True,NOTINVOLVED_PURCHASE
42094833,a4,x5,c1,75657,1.37,False,SHADOW_PURCHASE2
42140717,l56,X0,c5,50180,17.45,True,NOTINVOLVED_PURCHASE
42163700,l48,X3,c5,35054,22.66,True,NOTINVOLVED_PURCHASE
42176213,l21,X2,c2,43921,11.85,True,NOTINVOLVED_PURCHASE
42196956,l78,X4,c1,47943,3.27,True,NOTINVOLVED_PURCHASE
42231208,l16,X2,c2,33988,8.3,True,NOTINVOLVED_PURCHASE
42231643,l36,X2,c5,58657,10.18,True,NOTINVOLVED_PURCHASE
42262457,A0,X6,c2,59280,6.96,True,NORMAL_PURCHASE
42271022,l55,X1,c4,95377,13.71,True,NOTINVOLVED_PURCHASE
42283532,x3,X6,c4,90236,4.87,True,SHADOW_PURCHASE3
42293910,l57,X1,c4,36496,8.78,True,NOTINVOLVED_PURCHASE
42298842,l27,X5,c5,45715,9.46,True,NOTINVOLVED_PURCHASE
42302264,l41,X2,c2,77696,4.99,True,NOTINVOLVED_PURCHASE
42356941,x5,X0,c1,75657,1.0,True,SHADOW_PURCHASE3
42403101,l53,X3,c2,64109,9.57,True,NOTINVOLVED_PURCHASE
42416450,l40,X2,c4,54747,6.51,True,NOTINVOLVED_PURCHASE
42427856,l67,X1,c4,30811,14.89,True,NOTINVOLVED_PURCHASE
42470596,l30,X6,c4,104930,8.5,True,NOTINVOLVED_PURCHASE
42485651,l51,X3,c5,31333,12.7,True,NOTINVOLVED_PURCHASE
42497101,l76,X2,c2,49728,4.91,True,NOTINVOLVED_PURCHASE
42509757,l68,X2,c5,82287,24.01,True,NOTINVOLVED_PURCHASE
42537821,l60,X4,c1,50337,2.23,True,NOTINVOLVED_PURCHASE
42545395,l0,X3,c2,72718,11.17,True,NOTINVOLVED_PURCHASE
42580692,l28,X2,c5,107595,11.61,True,NOTINVOLVED_PURCHASE
42638945,l72,X5,c5,72524,27.24,True,NOTINVOLVED_PURCHASE
42642392,l34,X0,c4,93459,13.85,True,NOTINVOLVED_PURCHASE
42651531,l62,X1,c4,33315,14.77,True,NOTINVOLVED_PURCHASE
42657113,A4,X6,c2,110745,11.44,True,NORMAL_PURCHASE
42678585,l46,X5,c5,30046,9.06,True,NOTINVOLVED_PURCHASE
42720905,l59,X1,c6,56551,7.17,True,NOTINVOLVED_PURCHASE
42729951,l63,X2,c2,112053,13.37,True,NOTINVOLVED_PURCHASE
42740078,l20,X2,c6,103518,4.41,True,NOTINVOLVED_PURCHASE
42760304,l32,X0,c5,48107,17.27,True,NOTINVOLVED_PURCHASE
42810970,l24,X6,c2,87015,8.01,True,NOTINVOLVED_PURCHASE
42828809,l25,X1,c6,58849,9.78,True,NOTINVOLVED_PURCHASE
42840178,l65,X3,c2,113259,7.38,True,NOTINVOLVED_PURCHASE
42855703,l58,X2,c6,42186,8.82,True,NOTINVOLVED_PURCHASE
42862386,l7,X4,c3,89751,4.07,True,NOTINVOLVED_PURCHASE
42873114,l9,X4,c1,94464,2.1,True,NOTINVOLVED_PURCHASE
42912282,l2,X4,c3,64922,3.44,True,NOTINVOLVED_PURCHASE
42947681,l64,X5,c5,97673,9.12,True,NOTINVOLVED_PURCHASE
42968612,l6,X1,c6,70125,7.77,True,NOTINVOLVED_PURCHASE
42995726,A5,a4,c5,115238,24.27,True,SHADOW_PURCHASE1
42995845,l50,X0,c4,71333,15.7,True,NOTINVOLVED_PURCHASE
43006697,l3,X4,c1,67961,3.37,True,NOTINVOLVED_PURCHASE
43007527,l38,X3,c1,34253,2.81,True,NOTINVOLVED_PURCHASE
43012335,l39,X6,c4,83932,13.84,True,NOTINVOLVED_PURCHASE
43059419,l66,X3,c5,105051,24.96,True,NOTINVOLVED_PURCHASE
43102420,l71,X6,c2,31309,12.56,True,NOTINVOLVED_PURCHASE
43133103,l69,X6,c5,98154,24.51,True,NOTINVOLVED_PURCHASE
43141008,l11,X0,c1,51568,3.76,True,NOTINVOLVED_PURCHASE
43148408,l1,X2,c4,98143,8.97,True,NOTINVOLVED_PURCHASE
43159228,l12,X3,c5,33209,19.6,True,NOTINVOLVED_PURCHASE
43176637,l15,X6,c2,52559,11.86,True,NOTINVOLVED_PURCHASE
43193922,A1,a5,c3,102466,3.89,True,SHADOW_PURCHASE1
43211801,l4,X0,c4,36425,8.45,True,NOTINVOLVED_PURCHASE
43238070,l47,X0,c2,62154,11.54,True,NOTINVOLVED_PURCHASE
43249444,l54,X4,c3,30175,5.46,True,NOTINVOLVED_PURCHASE
43253672,l35,X6,c4,94692,5.95,True,NOTINVOLVED_PURCHASE
43269090,a4,x0,c5,115238,19.48,False,SHADOW_PURCHASE2
43285476,l45,X4,c3,81500,5.24,True,NOTINVOLVED_PURCHASE
43292966,l42,X0,c5,42136,25.07,True,NOTINVOLVED_PURCHASE
43423828,l13,X3,c2,117179,8.75,True,NOTINVOLVED_PURCHASE
43445393,a5,x3,c3,102466,3.83,False,SHADOW_PURCHASE2
43464691,l19,X2,c5,66814,11.38,True,NOTINVOLVED_PURCHASE
43531507,x0,X3,c5,115238,9.04,True,SHADOW_PURCHASE3
43616754,l70,X0,c4,63366,6.78,True,NOTINVOLVED_PURCHASE
43621095,l73,X3,c2,96034,12.57,True,NOTINVOLVED_PURCHASE
43714330,x3,X4,c3,102466,2.14,True,SHADOW_PURCHASE3
43849316,l8,X5,c5,47992,11.25,True,NOTINVOLVED_PURCHASE
43864214,l17,X0,c1,59457,3.96,True,NOTINVOLVED_PURCHASE
43987276,l79,X3,c2,39531,7.54,True,NOTINVOLVED_PURCHASE
44004657,l74,X2,c6,91274,7.35,True,NOTINVOLVED_PURCHASE
44035953,l22,X0,c5,116040,18.31,True,NOTINVOLVED_PURCHASE
44073928,l23,X6,c4,32857,15.64,True,NOTINVOLVED_PURCHASE
44097997,l77,X6,c5,44378,13.96,True,NOTINVOLVED_PURCHASE
44139267,l18,X4,c3,77582,6.04,True,NOTINVOLVED_PURCHASE
44162538,l26,X2,c5,30803,22.97,True,NOTINVOLVED_PURCHASE
44249535,l31,X3,c5,43258,26.36,True,NOTINVOLVED_PURCHASE
44283565,l37,X0,c4,33812,16.16,True,NOTINVOLVED_PURCHASE
44357617,l75,X0,c4,75484,9.55,True,NOTINVOLVED_PURCHASE
44390026,l49,X5,c5,71551,13.85,True,NOTINVOLVED_PURCHASE
44412818,A2,X5,c2,52467,10.67,True,NORMAL_PURCHASE
44429848,l43,X6,c5,101097,14.45,True,NOTINVOLVED_PURCHASE
44455716,A6,X6,c5,105096,12.88,True,NORMAL_PURCHASE
44592430,l10,X0,c5,117906,13.75,True,NOTINVOLVED_PURCHASE
44613907,l16,X3,c2,64155,4.14,True,NOTINVOLVED_PURCHASE
44632737,l33,X0,c5,45388,23.04,True,NOTINVOLVED_PURCHASE
44656763,l78,X4,c3,115640,3.81,True,NOTINVOLVED_PURCHASE
44658748,A3,a2,c4,79290,5.77,True,SHADOW_PURCHASE1
44661461,l52,X1,c4,117346,10.7,True,NOTINVOLVED_PURCHASE
44705883,A7,a3,c1,73745,2.08,True,SHADOW_PURCHASE1
44705979,l48,X3,c5,67987,19.73,True,NOTINVOLVED_PURCHASE
44707930,l14,X6,c4,59109,7.73,True,NOTINVOLVED_PURCHASE
44714387,l29,X5,c5,102860,12.92,True,NOTINVOLVED_PURCHASE
44748076,l57,X0,c4,92482,5.34,True,NOTINVOLVED_PURCHASE
44757246,l5,X2,c4,87258,12.81,True,NOTINVOLVED_PURCHASE
44786161,l56,X4,c3,37189,2.97,True,NOTINVOLVED_PURCHASE
44790231,l40,X5,c2,54321,10.09,True,NOTINVOLVED_PURCHASE
44794302,l55,X1,c4,116035,14.0,True,NOTINVOLVED_PURCHASE
44798597,l44,X2,c2,31810,8.62,True,NOTINVOLVED_PURCHASE
44801764,l53,X5,c5,83927,14.4,True,NOTINVOLVED_PURCHASE
44840139,l61,X5,c5,36921,9.65,True,NOTINVOLVED_PURCHASE
44912892,l27,X5,c5,58668,13.54,True,NOTINVOLVED_PURCHASE
44915823,l41,X1,c6,108311,9.11,True,NOTINVOLVED_PURCHASE
44937875,a2,x2,c4,79290,3.09,False,SHADOW_PURCHASE2
44951191,l36,X1,c6,48248,4.33,True,NOTINVOLVED_PURCHASE
44953252,l0,X5,c2,83793,6.27,True,NOTINVOLVED_PURCHASE
44956873,a3,x0,c1,73745,1.55,False,SHADOW_PURCHASE2
44961510,l21,X2,c4,60499,15.06,True,NOTINVOLVED_PURCHASE
44990761,l51,X2,c4,78495,11.72,True,NOTINVOLVED_PURCHASE
45008446,l68,X2,c4,46295,14.97,True,NOTINVOLVED_PURCHASE
45022389,l76,X1,c6,54328,9.34,True,NOTINVOLVED_PURCHASE
45064017,A0,a3,c6,68980,10.15,True,SHADOW_PURCHASE1
45128017,l67,X6,c5,66999,25.24,True,NOTINVOLVED_PURCHASE
45160533,l60,X4,c1,38281,3.03,True,NOTINVOLVED_PURCHASE
45183171,x2,X1,c4,79290,2.41,True,SHADOW_PURCHASE3
45200025,l32,X5,c5,115442,15.88,True,NOTINVOLVED_PURCHASE
45223137,x0,X3,c1,73745,1.0,True,SHADOW_PURCHASE3
45233786,l58,X4,c3,71793,4.31,True,NOTINVOLVED_PURCHASE
45251980,l63,X4,c3,80144,5.78,True,NOTINVOLVED_PURCHASE
45262295,l25,X3,c2,83584,6.0,True,NOTINVOLVED_PURCHASE
45279665,l62,X6,c2,30385,9.68,True,NOTINVOLVED_PURCHASE
45286633,A4,a5,c1,101616,3.01,True,SHADOW_PURCHASE1
45308895,l30,X4,c1,113219,2.88,True,NOTINVOLVED_PURCHASE
45316003,a3,x0,c6,68980,8.23,False,SHADOW_PURCHASE2
45335001,l64,X0,c4,82405,4.76,True,NOTINVOLVED_PURCHASE
45352600,l46,X0,c5,102059,26.27,True,NOTINVOLVED_PURCHASE
45374818,l72,X4,c3,57132,5.1,True,NOTINVOLVED_PURCHASE
45405492,l65,X3,c5,106909,25.94,True,NOTINVOLVED_PURCHASE
45416610,l34,X6,c2,98446,6.9,True,NOTINVOLVED_PURCHASE
45464151,l28,X2,c4,69424,15.44,True,NOTINVOLVED_PURCHASE
45484707,l59,X5,c5,96885,20.9,True,NOTINVOLVED_PURCHASE
45484922,A5,X5,c5,70544,22.6,True,NORMAL_PURCHASE
45522322,l3,X1,c4,118350,4.88,True,NOTINVOLVED_PURCHASE
45546287,a5,x2,c1,101616,2.49,False,SHADOW_PURCHASE2
45559548,l9,X6,c5,70106,15.61,True,NOTINVOLVED_PURCHASE
45563067,l66,X3,c5,60910,25.03,True,NOTINVOLVED_PURCHASE
45595107,l24,X6,c5,105724,14.71,True,NOTINVOLVED_PURCHASE
45598086,x0,X1,c6,68980,3.12,True,SHADOW_PURCHASE3
45613546,l1,X4,c1,95967,3.1,True,NOTINVOLVED_PURCHASE
45619058,l2,X0,c1,42208,2.8,True,NOTINVOLVED_PURCHASE
45621514,l20,X2,c2,64003,12.98,True,NOTINVOLVED_PURCHASE
45633341,l12,X2,c4,44691,14.11,True,NOTINVOLVED_PURCHASE
45640021,l38,X5,c2,34829,5.36,True,NOTINVOLVED_PURCHASE
45668976,l50,X4,c3,98753,2.82,True,NOTINVOLVED_PURCHASE
45674266,l54,X1,c6,110167,3.33,True,NOTINVOLVED_PURCHASE
45703958,l39,X6,c4,108021,7.32,True,NOTINVOLVED_PURCHASE
45726092,A1,X6,c4,119967,9.21,True,NORMAL_PURCHASE
45748774,l7,X4,c3,99933,5.66,True,NOTINVOLVED_PURCHASE
45758733,l6,X6,c2,117287,6.05,True,NOTINVOLVED_PURCHASE
45775734,l71,X0,c4,60627,15.36,True,NOTINVOLVED_PURCHASE
45793637,x2,X4,c1,101616,1.37,True,SHADOW_PURCHASE3
45888787,l42,X4,c1,65293,3.2,True,NOTINVOLVED_PURCHASE
45924810,l4,X0,c1,88573,2.89,True,NOTINVOLVED_PURCHASE
45993085,l13,X4,c1,118599,3.86,True,NOTINVOLVED_PURCHASE
45996387,l19,X5,c5,116835,6.59,True,NOTINVOLVED_PURCHASE
46000018,l15,X5,c5,32171,9.57,True,NOTINVOLVED_PURCHASE
46011762,l11,X4,c1,67057,2.21,True,NOTINVOLVED_PURCHASE
46015083,l69,X4,c3,108098,2.4,True,NOTINVOLVED_PURCHASE
46046164,l47,X6,c4,103936,14.45,True,NOTINVOLVED_PURCHASE
46050004,l45,X2,c5,81247,13.71,True,NOTINVOLVED_PURCHASE
46127808,l35,X0,c4,105644,8.54,True,NOTINVOLVED_PURCHASE
46277440,l8,X5,c5,94375,7.81,True,NOTINVOLVED_PURCHASE
46379354,l17,X0,c2,76409,4.19,True,NOTINVOLVED_PURCHASE
46389418,l73,X5,c2,53649,11.62,True,NOTINVOLVED_PURCHASE
46425025,l70,X3,c2,83990,13.48,True,NOTINVOLVED_PURCHASE
46582582,l23,X1,c6,58648,3.77,True,NOTINVOLVED_PURCHASE
46695451,l79,X1,c4,62946,12.2,True,NOTINVOLVED_PURCHASE
46786378,l77,X0,c4,87284,6.37,True,NOTINVOLVED_PURCHASE
46813872,A2,X2,c2,92020,6.69,True,NORMAL_PURCHASE
46814525,l37,X0,c4,79647,6.58,True,NOTINVOLVED_PURCHASE
46817614,l75,X6,c2,34034,6.38,True,NOTINVOLVED_PURCHASE
46846826,l43,X6,c2,66221,9.43,True,NOTINVOLVED_PURCHASE
46850129,l74,X1,c6,77055,4.42,True,NOTINVOLVED_PURCHASE
46883340,l22,X3,c5,79093,24.47,True,NOTINVOLVED_PURCHASE
46896202,l18,X4,c3,81855,2.49,True,NOTINVOLVED_PURCHASE
46923716,l26,X0,c4,53660,10.13,True,NOTINVOLVED_PURCHASE
46962659,l49,X5,c2,110013,11.52,True,NOTINVOLVED_PURCHASE
47045199,l31,X0,c5,57901,19.79,True,NOTINVOLVED_PURCHASE
47077028,A3,X1,c4,83923,10.11,True,NORMAL_PURCHASE
47094255,l16,X5,c5,87347,7.72,True,NOTINVOLVED_PURCHASE
47131135,A6,a1,c6,63699,6.26,True,SHADOW_PURCHASE1
47183008,l48,X6,c2,115200,12.45,True,NOTINVOLVED_PURCHASE
47184129,l52,X2,c6,117419,5.85,True,NOTINVOLVED_PURCHASE
47219623,l33,X3,c5,90822,11.86,True,NOTINVOLVED_PURCHASE
47235898,l14,X6,c2,97809,3.59,True,NOTINVOLVED_PURCHASE
47298225,l61,X2,c6,73013,3.12,True,NOTINVOLVED_PURCHASE
47303509,l44,X5,c5,118581,16.96,True,NOTINVOLVED_PURCHASE
47310438,l57,X0,c4,98222,14.97,True,NOTINVOLVED_PURCHASE
47350464,l36,X5,c2,33854,3.65,True,NOTINVOLVED_PURCHASE
47373697,a1,x4,c6,63699,3.92,False,SHADOW_PURCHASE2
47422426,A7,a3,c5,44735,8.08,True,SHADOW_PURCHASE1
47425843,l10,X3,c1,60463,2.12,True,NOTINVOLVED_PURCHASE
47440986,l29,X4,c3,103493,4.89,True,NOTINVOLVED_PURCHASE
47448744,l40,X2,c4,30932,5.89,True,NOTINVOLVED_PURCHASE
47449761,l55,X4,c1,47874,2.72,True,NOTINVOLVED_PURCHASE
47468096,l21,X0,c4,47526,14.26,True,NOTINVOLVED_PURCHASE
47472738,l56,X0,c4,65855,9.34,True,NOTINVOLVED_PURCHASE
47512131,l68,X1,c6,116915,5.67,True,NOTINVOLVED_PURCHASE
47529465,l78,X4,c1,34973,3.31,True,NOTINVOLVED_PURCHASE
47541096,l60,X5,c5,113918,21.53,True,NOTINVOLVED_PURCHASE
47556193,l5,X0,c1,102346,2.56,True,NOTINVOLVED_PURCHASE
47570452,A0,X1,c6,55743,10.64,True,NORMAL_PURCHASE
47579267,l51,X3,c2,83256,6.12,True,NOTINVOLVED_PURCHASE
47621978,x4,X2,c6,63699,2.38,True,SHADOW_PURCHASE3
47627847,l27,X4,c3,58932,2.31,True,NOTINVOLVED_PURCHASE
47630335,l41,X2,c2,87014,7.66,True,NOTINVOLVED_PURCHASE
47673416,l53,X4,c3,47187,3.15,True,NOTINVOLVED_PURCHASE
47686086,l58,X4,c1,65026,2.48,True,NOTINVOLVED_PURCHASE
47690305,l62,X1,c6,119793,4.08,True,NOTINVOLVED_PURCHASE
47695214,l67,X4,c1,68314,2.41,True,NOTINVOLVED_PURCHASE
47697536,a3,x5,c5,44735,4.78,False,SHADOW_PURCHASE2
47718130,l0,X6,c5,61207,11.17,True,NOTINVOLVED_PURCHASE
47718666,l63,X2,c6,50081,8.56,True,NOTINVOLVED_PURCHASE
47744999,l72,X4,c1,32294,2.1,True,NOTINVOLVED_PURCHASE
47762408,l76,X0,c1,99189,2.97,True,NOTINVOLVED_PURCHASE
47771732,l25,X1,c4,34133,15.7,True,NOTINVOLVED_PURCHASE
47827760,l32,X5,c5,70711,13.52,True,NOTINVOLVED_PURCHASE
47852921,l59,X1,c6,83278,4.18,True,NOTINVOLVED_PURCHASE
47858212,l30,X3,c1,94051,3.6,True,NOTINVOLVED_PURCHASE
47927236,l64,X4,c1,117573,2.59,True,NOTINVOLVED_PURCHASE
47948044,x5,X6,c5,44735,3.48,True,SHADOW_PURCHASE3
47999742,l34,X4,c1,53600,2.79,True,NOTINVOLVED_PURCHASE
48012265,l3,X4,c1,43100,2.18,True,NOTINVOLVED_PURCHASE
48020486,l38,X3,c5,72730,9.51,True,NOTINVOLVED_PURCHASE
48030130,l20,X0,c2,72393,8.06,True,NOTINVOLVED_PURCHASE
48057186,l1,X4,c3,95014,5.95,True,NOTINVOLVED_PURCHASE
48072655,l12,X2,c2,48339,8.69,True,NOTINVOLVED_PURCHASE
48074279,l46,X0,c1,111332,3.49,True,NOTINVOLVED_PURCHASE
48078797,A4,X3,c2,52102,4.6,True,NORMAL_PURCHASE
48124954,l24,X3,c1,96238,3.4,True,NOTINVOLVED_PURCHASE
48134168,l39,X6,c2,105632,9.08,True,NOTINVOLVED_PURCHASE
48153447,l28,X5,c5,34183,26.1,True,NOTINVOLVED_PURCHASE
48177341,l2,X0,c5,105917,24.81,True,NOTINVOLVED_PURCHASE
48211290,l66,X1,c6,43278,8.22,True,NOTINVOLVED_PURCHASE
48217979,A1,X0,c2,34980,10.93,True,NORMAL_PURCHASE
48219750,l6,X4,c3,49144,3.45,True,NOTINVOLVED_PURCHASE
48227563,l71,X5,c2,97104,4.01,True,NOTINVOLVED_PURCHASE
48228393,l9,X4,c1,46972,3.51,True,NOTINVOLVED_PURCHASE
48292096,l65,X3,c5,85686,21.51,True,NOTINVOLVED_PURCHASE
48303641,A5,X4,c3,118770,4.25,True,NORMAL_PURCHASE
48314141,l54,X3,c1,76521,2.36,True,NOTINVOLVED_PURCHASE
48339885,l4,X2,c2,65976,7.99,True,NOTINVOLVED_PURCHASE
48382634,l50,X6,c5,49662,27.76,True,NOTINVOLVED_PURCHASE
48424475,l42,X6,c5,82396,10.97,True,NOTINVOLVED_PURCHASE
48524829,l7,X6,c2,67175,10.41,True,NOTINVOLVED_PURCHASE
48545946,l69,X6,c2,81665,10.56,True,NOTINVOLVED_PURCHASE
48560890,l13,X3,c2,45817,9.06,True,NOTINVOLVED_PURCHASE
48576672,l15,X6,c2,72085,6.9,True,NOTINVOLVED_PURCHASE
48627308,l45,X5,c5,44333,23.42,True,NOTINVOLVED_PURCHASE
48630141,l35,X5,c5,89817,27.99,True,NOTINVOLVED_PURCHASE
48639804,l47,X5,c5,67541,6.26,True,NOTINVOLVED_PURCHASE
48649278,l19,X4,c1,99469,2.84,True,NOTINVOLVED_PURCHASE
48754069,l8,X6,c2,69528,8.19,True,NOTINVOLVED_PURCHASE
48900130,l11,X1,c6,64560,9.12,True,NOTINVOLVED_PURCHASE
48913564,l70,X0,c1,103389,2.82,True,NOTINVOLVED_PURCHASE
48959066,l17,X0,c1,83569,3.31,True,NOTINVOLVED_PURCHASE
49034404,l73,X3,c2,79625,8.66,True,NOTINVOLVED_PURCHASE
49169676,l79,X1,c4,58545,16.55,True,NOTINVOLVED_PURCHASE
49258056,l43,X2,c4,104202,6.9,True,NOTINVOLVED_PURCHASE
49271415,l77,X6,c5,108172,18.09,True,NOTINVOLVED_PURCHASE
49276151,l75,X2,c5,86915,15.11,True,NOTINVOLVED_PURCHASE
49314310,l74,X1,c6,43884,8.13,True,NOTINVOLVED_PURCHASE
49333026,l23,X3,c2,97218,10.7,True,NOTINVOLVED_PURCHASE
49479317,l31,X0,c5,72072,17.65,True,NOTINVOLVED_PURCHASE
49480710,A2,X3,c1,57634,3.92,True,NORMAL_PURCHASE
49482849,l18,X6,c2,98428,5.75,True,NOTINVOLVED_PURCHASE
49491981,l37,X6,c4,100366,14.2,True,NOTINVOLVED_PURCHASE
49587240,l52,X1,c6,67343,4.33,True,NOTINVOLVED_PURCHASE
49640155,l33,X4,c3,100798,5.9,True,NOTINVOLVED_PURCHASE
49658422,l16,X5,c2,67343,12.59,True,NOTINVOLVED_PURCHASE
49704073,l44,X1,c6,73695,3.53,True,NOTINVOLVED_PURCHASE
