timestamp,buyer,seller,component,qty,price,traced,eventType
366062,l11,X5,c3,87591,4.22,True,NOTINVOLVED_PURCHASE
384918,l6,X2,c1,115664,2.39,True,NOTINVOLVED_PURCHASE
402662,A3,X1,c5,115416,8.83,True,NORMAL_PURCHASE
482018,A7,X3,c1,111008,2.61,True,NORMAL_PURCHASE
488048,A2,X5,c1,110055,3.42,True,NORMAL_PURCHASE
523731,l9,X0,c1,43773,2.14,True,NOTINVOLVED_PURCHASE
531734,l15,X0,c1,61841,2.82,True,NOTINVOLVED_PURCHASE
542176,l17,X4,c3,99702,2.16,True,NOTINVOLVED_PURCHASE
544637,A1,X6,c6,45061,9.36,True,NORMAL_PURCHASE
566417,l8,X0,c6,94588,7.23,True,NOTINVOLVED_PURCHASE
595515,A4,a3,c1,78744,3.25,True,SHADOW_PURCHASE1
608616,l18,X3,c5,90737,6.46,True,NOTINVOLVED_PURCHASE
608757,l12,X6,c6,59295,6.03,True,NOTINVOLVED_PURCHASE
610970,A6,X5,c3,119777,2.39,True,NORMAL_PURCHASE
614793,l3,X1,c1,98495,2.22,True,NOTINVOLVED_PURCHASE
619320,l0,X6,c6,104014,8.88,True,NOTINVOLVED_PURCHASE
619551,l16,X0,c5,62623,23.52,True,NOTINVOLVED_PURCHASE
629906,l2,X3,c2,60312,3.51,True,NOTINVOLVED_PURCHASE
660892,l13,X1,c5,119856,21.48,True,NOTINVOLVED_PURCHASE
676000,A5,a1,c2,106052,4.56,True,SHADOW_PURCHASE1
684985,l19,X6,c1,79229,3.25,True,NOTINVOLVED_PURCHASE
685294,l7,X3,c1,51406,2.25,True,NOTINVOLVED_PURCHASE
703166,l14,X3,c2,53637,3.64,True,NOTINVOLVED_PURCHASE
741079,A0,X0,c5,93219,13.38,True,NORMAL_PURCHASE
742509,l1,X3,c2,102696,3.59,True,NOTINVOLVED_PURCHASE
799480,l5,X3,c2,99407,12.89,True,NOTINVOLVED_PURCHASE
866366,a3,x3,c1,78744,2.91,False,SHADOW_PURCHASE2
883849,l4,X5,c6,59921,8.75,True,NOTINVOLVED_PURCHASE
887577,l10,X5,c1,64694,3.68,True,NOTINVOLVED_PURCHASE
932182,a1,x4,c2,106052,3.79,False,SHADOW_PURCHASE2
1144277,x3,X3,c1,78744,1.02,True,SHADOW_PURCHASE3
1199546,x4,X3,c2,106052,2.64,True,SHADOW_PURCHASE3
2818702,l11,X2,c1,84001,3.02,True,NOTINVOLVED_PURCHASE
2847022,A3,X3,c5,55894,19.24,True,NORMAL_PURCHASE
2922797,l9,X4,c4,66015,15.97,True,NOTINVOLVED_PURCHASE
2926304,A2,a0,c5,55328,25.43,True,SHADOW_PURCHASE1
2935237,l15,X6,c1,43550,2.12,True,NOTINVOLVED_PURCHASE
2974150,l17,X5,c1,62695,2.91,True,NOTINVOLVED_PURCHASE
3063063,A5,a1,c6,89624,7.48,True,SHADOW_PURCHASE1
3078940,A4,X5,c1,95002,1.99,True,NORMAL_PURCHASE
3095442,l7,X6,c1,36771,3.42,True,NOTINVOLVED_PURCHASE
3131302,l13,X2,c4,70669,7.52,True,NOTINVOLVED_PURCHASE
3199569,a0,x4,c5,55328,9.53,False,SHADOW_PURCHASE2
3200187,l12,X6,c1,102393,2.1,True,NOTINVOLVED_PURCHASE
3214408,l19,X0,c2,110820,6.76,True,NOTINVOLVED_PURCHASE
3222909,l14,X4,c4,37621,12.07,True,NOTINVOLVED_PURCHASE
3256857,l1,X3,c1,77814,3.18,True,NOTINVOLVED_PURCHASE
3258702,l3,X3,c5,43167,19.69,True,NOTINVOLVED_PURCHASE
3272421,l6,X1,c5,105893,12.55,True,NOTINVOLVED_PURCHASE
3292817,l10,X3,c5,67852,27.83,True,NOTINVOLVED_PURCHASE
3308803,l16,X3,c1,93378,2.88,True,NOTINVOLVED_PURCHASE
3314782,A7,X5,c6,51543,7.76,True,NORMAL_PURCHASE
3316477,A1,X3,c2,117734,3.62,True,NORMAL_PURCHASE
3323777,A0,a2,c5,67225,26.61,True,SHADOW_PURCHASE1
3324878,a1,x4,c6,89624,3.52,False,SHADOW_PURCHASE2
3346149,l8,X0,c5,83141,14.23,True,NOTINVOLVED_PURCHASE
3363408,l2,X0,c5,74143,19.22,True,NOTINVOLVED_PURCHASE
3418696,l4,X0,c5,97712,6.58,True,NOTINVOLVED_PURCHASE
3432389,A6,a2,c4,30930,9.05,True,SHADOW_PURCHASE1
3446080,l18,X3,c1,42839,3.26,True,NOTINVOLVED_PURCHASE
3448300,l0,X1,c5,30301,10.78,True,NOTINVOLVED_PURCHASE
3477937,x4,X3,c5,55328,5.15,True,SHADOW_PURCHASE3
3564851,x4,X6,c6,89624,2.3,True,SHADOW_PURCHASE3
3596303,a2,x0,c5,67225,15.48,False,SHADOW_PURCHASE2
3599073,l5,X1,c4,97593,9.03,True,NOTINVOLVED_PURCHASE
3677957,a2,x4,c4,30930,6.46,False,SHADOW_PURCHASE2
3859950,x0,X2,c5,67225,9.55,True,SHADOW_PURCHASE3
3932083,x4,X1,c4,30930,3.85,True,SHADOW_PURCHASE3
5384314,A3,X1,c4,85466,6.53,True,NORMAL_PURCHASE
5486509,l9,X0,c1,50878,2.03,True,NOTINVOLVED_PURCHASE
5515587,l11,X0,c6,99991,4.0,True,NOTINVOLVED_PURCHASE
5525638,A2,X6,c6,85046,6.63,True,NORMAL_PURCHASE
5589715,l12,X1,c4,58109,8.49,True,NOTINVOLVED_PURCHASE
5644857,l1,X1,c1,42341,2.25,True,NOTINVOLVED_PURCHASE
5665103,l10,X1,c4,104928,12.31,True,NOTINVOLVED_PURCHASE
5711677,A4,X5,c3,61690,3.8,True,NORMAL_PURCHASE
5714556,l17,X3,c1,43467,2.07,True,NOTINVOLVED_PURCHASE
5719813,l16,X3,c5,106774,25.88,True,NOTINVOLVED_PURCHASE
5724865,l15,X0,c1,39651,3.19,True,NOTINVOLVED_PURCHASE
5762218,A5,X4,c3,77226,4.64,True,NORMAL_PURCHASE
5763701,l13,X2,c3,82341,2.09,True,NOTINVOLVED_PURCHASE
5863327,l7,X0,c1,75335,2.44,True,NOTINVOLVED_PURCHASE
5891782,l14,X5,c1,49069,3.69,True,NOTINVOLVED_PURCHASE
5896306,l2,X2,c4,72000,16.19,True,NOTINVOLVED_PURCHASE
5904143,l4,X5,c6,87473,6.33,True,NOTINVOLVED_PURCHASE
5936333,A7,X4,c4,84379,7.85,True,NORMAL_PURCHASE
6021494,A6,X1,c1,56004,2.28,True,NORMAL_PURCHASE
6046267,l3,X1,c4,70142,9.88,True,NOTINVOLVED_PURCHASE
6047472,l6,X2,c4,116494,11.88,True,NOTINVOLVED_PURCHASE
6058762,A0,X4,c1,84007,2.42,True,NORMAL_PURCHASE
6068540,l5,X1,c4,79476,14.39,True,NOTINVOLVED_PURCHASE
6077462,l8,X1,c5,34626,8.11,True,NOTINVOLVED_PURCHASE
6083875,l19,X3,c2,117032,7.98,True,NOTINVOLVED_PURCHASE
6173020,A1,a1,c1,93530,3.5,True,SHADOW_PURCHASE1
6189301,l0,X5,c6,65523,9.17,True,NOTINVOLVED_PURCHASE
6191282,l18,X3,c2,42937,6.63,True,NOTINVOLVED_PURCHASE
6422300,a1,x1,c1,93530,2.77,False,SHADOW_PURCHASE2
6677626,x1,X6,c1,93530,1.08,True,SHADOW_PURCHASE3
7765677,A3,X1,c4,39544,6.54,True,NORMAL_PURCHASE
7935269,A2,a0,c5,83329,15.38,True,SHADOW_PURCHASE1
8160301,A4,a1,c3,116220,2.74,True,SHADOW_PURCHASE1
8188096,a0,x0,c5,83329,8.7,False,SHADOW_PURCHASE2
8194203,l9,X4,c1,50420,3.53,True,NOTINVOLVED_PURCHASE
8216789,l16,X2,c5,81170,11.01,True,NOTINVOLVED_PURCHASE
8230081,l11,X1,c1,42255,3.93,True,NOTINVOLVED_PURCHASE
8258425,A5,X5,c6,53976,7.75,True,NORMAL_PURCHASE
8270333,l10,X4,c4,91538,12.79,True,NOTINVOLVED_PURCHASE
8329115,l1,X0,c1,95587,2.43,True,NOTINVOLVED_PURCHASE
8350382,l14,X5,c6,31602,3.05,True,NOTINVOLVED_PURCHASE
8372779,l15,X0,c2,46819,3.58,True,NOTINVOLVED_PURCHASE
8410487,l13,X2,c5,35684,11.43,True,NOTINVOLVED_PURCHASE
8416846,l2,X0,c1,42334,2.63,True,NOTINVOLVED_PURCHASE
8422652,l12,X6,c6,41134,7.29,True,NOTINVOLVED_PURCHASE
8428673,a1,x0,c3,116220,2.69,False,SHADOW_PURCHASE2
8431617,l17,X6,c6,97085,3.73,True,NOTINVOLVED_PURCHASE
8435705,l6,X6,c1,78633,3.07,True,NOTINVOLVED_PURCHASE
8439374,x0,X3,c5,83329,4.99,True,SHADOW_PURCHASE3
8529690,A7,X5,c4,80493,12.63,True,NORMAL_PURCHASE
8574911,l3,X0,c1,88680,3.95,True,NOTINVOLVED_PURCHASE
8611277,A6,X6,c6,54262,7.08,True,NORMAL_PURCHASE
8633657,l8,X5,c3,83070,2.47,True,NOTINVOLVED_PURCHASE
8641664,l19,X3,c2,68549,3.73,True,NOTINVOLVED_PURCHASE
8686614,x0,X4,c3,116220,1.74,True,SHADOW_PURCHASE3
8691682,A0,a2,c3,55993,5.21,True,SHADOW_PURCHASE1
8728092,A1,a5,c3,86295,2.18,True,SHADOW_PURCHASE1
8730678,l7,X4,c3,108540,3.38,True,NOTINVOLVED_PURCHASE
8753388,l4,X2,c5,49383,18.89,True,NOTINVOLVED_PURCHASE
8853265,l0,X6,c1,102356,3.62,True,NOTINVOLVED_PURCHASE
8857972,l5,X3,c1,35071,3.51,True,NOTINVOLVED_PURCHASE
8911904,l18,X3,c5,94129,10.66,True,NOTINVOLVED_PURCHASE
8929140,a2,x3,c3,55993,4.71,False,SHADOW_PURCHASE2
8976687,a5,x3,c3,86295,1.18,False,SHADOW_PURCHASE2
9176872,x3,X2,c3,55993,2.7,True,SHADOW_PURCHASE3
9231678,x3,X2,c3,86295,1.0,True,SHADOW_PURCHASE3
10471895,A3,a2,c2,62504,11.64,True,SHADOW_PURCHASE1
10657541,l10,X4,c3,44194,6.04,True,NOTINVOLVED_PURCHASE
10661679,A4,X1,c5,38421,15.62,True,NORMAL_PURCHASE
10717912,a2,x3,c2,62504,6.78,False,SHADOW_PURCHASE2
10719927,l11,X0,c6,80610,9.33,True,NOTINVOLVED_PURCHASE
10778175,A5,X6,c6,69161,4.41,True,NORMAL_PURCHASE
10785659,A2,a2,c1,58933,3.83,True,SHADOW_PURCHASE1
10848455,l16,X5,c6,30984,10.04,True,NOTINVOLVED_PURCHASE
10855381,l15,X2,c4,118408,14.71,True,NOTINVOLVED_PURCHASE
10860321,l2,X2,c1,52678,3.52,True,NOTINVOLVED_PURCHASE
10866166,l12,X2,c5,51108,27.26,True,NOTINVOLVED_PURCHASE
10921571,l14,X3,c5,91020,19.15,True,NOTINVOLVED_PURCHASE
10928460,l17,X3,c1,116027,3.47,True,NOTINVOLVED_PURCHASE
10938716,l13,X3,c2,98015,9.35,True,NOTINVOLVED_PURCHASE
10938998,l1,X0,c2,44094,6.38,True,NOTINVOLVED_PURCHASE
10953839,x3,X3,c2,62504,4.14,True,SHADOW_PURCHASE3
10956591,l6,X6,c6,52613,4.83,True,NOTINVOLVED_PURCHASE
10961155,l3,X1,c1,77409,2.79,True,NOTINVOLVED_PURCHASE
10987338,l9,X4,c4,57287,9.09,True,NOTINVOLVED_PURCHASE
11011548,A7,X2,c4,44603,15.65,True,NORMAL_PURCHASE
11066288,a2,x0,c1,58933,3.31,False,SHADOW_PURCHASE2
11199192,A1,X3,c5,119969,25.42,True,NORMAL_PURCHASE
11248499,l7,X6,c1,111870,2.21,True,NOTINVOLVED_PURCHASE
11258278,l19,X4,c1,38246,2.51,True,NOTINVOLVED_PURCHASE
11305412,A6,X5,c6,32436,6.54,True,NORMAL_PURCHASE
11322886,x0,X4,c1,58933,2.34,True,SHADOW_PURCHASE3
11372549,l4,X5,c1,109241,2.06,True,NOTINVOLVED_PURCHASE
11413816,l8,X4,c1,118651,2.17,True,NOTINVOLVED_PURCHASE
11480505,A0,a0,c2,64133,3.66,True,SHADOW_PURCHASE1
11529536,l0,X6,c6,77635,4.07,True,NOTINVOLVED_PURCHASE
11561051,l5,X1,c4,32102,9.41,True,NOTINVOLVED_PURCHASE
11721150,a0,x5,c2,64133,2.62,False,SHADOW_PURCHASE2
11776034,l18,X3,c1,46929,2.76,True,NOTINVOLVED_PURCHASE
11978976,x5,X0,c2,64133,1.93,True,SHADOW_PURCHASE3
13232832,A5,a5,c3,34347,4.66,True,SHADOW_PURCHASE1
13245626,l12,X3,c2,119550,8.8,True,NOTINVOLVED_PURCHASE
13268961,l15,X5,c1,74510,3.74,True,NOTINVOLVED_PURCHASE
13297282,l17,X6,c6,108741,9.44,True,NOTINVOLVED_PURCHASE
13298575,l11,X5,c4,48542,7.4,True,NOTINVOLVED_PURCHASE
13329990,A3,a2,c2,104256,12.42,True,SHADOW_PURCHASE1
13342445,l13,X1,c1,32463,2.98,True,NOTINVOLVED_PURCHASE
13347077,A2,X1,c1,110512,2.84,True,NORMAL_PURCHASE
13372090,l16,X2,c3,71340,5.48,True,NOTINVOLVED_PURCHASE
13412149,A4,X0,c2,111941,13.28,True,NORMAL_PURCHASE
13443983,l10,X5,c4,57624,16.64,True,NOTINVOLVED_PURCHASE
13450339,l14,X3,c1,108352,3.42,True,NOTINVOLVED_PURCHASE
13467842,l9,X2,c5,57580,10.14,True,NOTINVOLVED_PURCHASE
13512389,a5,x4,c3,34347,1.94,False,SHADOW_PURCHASE2
13589829,l6,X2,c5,119626,15.59,True,NOTINVOLVED_PURCHASE
13599265,a2,x4,c2,104256,11.65,False,SHADOW_PURCHASE2
13612512,l1,X0,c5,98220,15.17,True,NOTINVOLVED_PURCHASE
13645876,l19,X0,c5,118556,7.44,True,NOTINVOLVED_PURCHASE
13667153,l2,X3,c1,72300,2.6,True,NOTINVOLVED_PURCHASE
13735100,A1,a2,c6,88465,6.9,True,SHADOW_PURCHASE1
13739320,l3,X3,c5,111294,8.5,True,NOTINVOLVED_PURCHASE
13780103,x4,X4,c3,34347,1.0,True,SHADOW_PURCHASE3
13825294,A7,X3,c5,107551,15.55,True,NORMAL_PURCHASE
13844037,x4,X3,c2,104256,10.97,True,SHADOW_PURCHASE3
13908493,A6,X6,c6,77248,9.05,True,NORMAL_PURCHASE
13959928,l8,X5,c3,33352,3.45,True,NOTINVOLVED_PURCHASE
13976004,l5,X3,c1,92436,3.56,True,NOTINVOLVED_PURCHASE
13977680,l4,X3,c1,100401,3.52,True,NOTINVOLVED_PURCHASE
13989298,a2,x5,c6,88465,4.58,False,SHADOW_PURCHASE2
14061956,l7,X3,c2,67555,12.58,True,NOTINVOLVED_PURCHASE
14069767,A0,a3,c5,99980,20.65,True,SHADOW_PURCHASE1
14165921,l18,X4,c1,32243,2.65,True,NOTINVOLVED_PURCHASE
14270580,x5,X0,c6,88465,3.83,True,SHADOW_PURCHASE3
14312901,l0,X3,c1,56417,2.87,True,NOTINVOLVED_PURCHASE
14348417,a3,x4,c5,99980,16.6,False,SHADOW_PURCHASE2
14585269,x4,X3,c5,99980,7.61,True,SHADOW_PURCHASE3
15656572,l12,X1,c4,115289,6.9,True,NOTINVOLVED_PURCHASE
15865267,l14,X6,c1,75370,2.07,True,NOTINVOLVED_PURCHASE
15904490,A5,a0,c4,102553,8.29,True,SHADOW_PURCHASE1
16039647,l10,X1,c4,94759,14.07,True,NOTINVOLVED_PURCHASE
16060415,l16,X3,c5,42092,26.04,True,NOTINVOLVED_PURCHASE
16061963,l11,X2,c5,110593,26.08,True,NOTINVOLVED_PURCHASE
16110221,l9,X2,c5,61813,13.92,True,NOTINVOLVED_PURCHASE
16111540,l1,X0,c1,64198,2.38,True,NOTINVOLVED_PURCHASE
16114146,A4,X0,c1,90901,3.14,True,NORMAL_PURCHASE
16117466,l15,X2,c3,61178,4.04,True,NOTINVOLVED_PURCHASE
16119780,l19,X4,c3,109358,2.55,True,NOTINVOLVED_PURCHASE
16120646,l2,X0,c5,92344,13.73,True,NOTINVOLVED_PURCHASE
16150686,l17,X5,c4,35490,8.69,True,NOTINVOLVED_PURCHASE
16150859,A3,a3,c4,105439,12.34,True,SHADOW_PURCHASE1
16167120,A1,a5,c2,50417,12.62,True,SHADOW_PURCHASE1
16168439,a0,x4,c4,102553,3.5,False,SHADOW_PURCHASE2
16171222,l3,X5,c6,61170,8.32,True,NOTINVOLVED_PURCHASE
16173371,l13,X1,c5,116405,16.47,True,NOTINVOLVED_PURCHASE
16212823,A2,a4,c1,70547,2.67,True,SHADOW_PURCHASE1
16386244,l6,X2,c4,43896,10.91,True,NOTINVOLVED_PURCHASE
16405004,A7,a2,c5,110848,18.01,True,SHADOW_PURCHASE1
16408067,l4,X5,c3,103893,2.84,True,NOTINVOLVED_PURCHASE
16418612,a3,x0,c4,105439,7.4,False,SHADOW_PURCHASE2
16444628,a5,x4,c2,50417,8.98,False,SHADOW_PURCHASE2
16447312,x4,X4,c4,102553,2.1,True,SHADOW_PURCHASE3
16449669,a4,x4,c1,70547,2.04,False,SHADOW_PURCHASE2
16601929,l5,X1,c5,41399,26.49,True,NOTINVOLVED_PURCHASE
16642723,a2,x4,c5,110848,11.59,False,SHADOW_PURCHASE2
16657034,A6,X1,c4,47428,15.61,True,NORMAL_PURCHASE
16681262,x0,X4,c4,105439,3.41,True,SHADOW_PURCHASE3
16700793,x4,X4,c1,70547,1.23,True,SHADOW_PURCHASE3
16723062,x4,X3,c2,50417,4.12,True,SHADOW_PURCHASE3
16782436,l18,X4,c4,114622,5.01,True,NOTINVOLVED_PURCHASE
16784050,A0,a5,c3,101719,4.53,True,SHADOW_PURCHASE1
16807572,l8,X1,c4,103976,9.99,True,NOTINVOLVED_PURCHASE
16867566,l7,X3,c5,40767,15.48,True,NOTINVOLVED_PURCHASE
16919472,x4,X3,c5,110848,7.79,True,SHADOW_PURCHASE3
17022173,a5,x3,c3,101719,4.28,False,SHADOW_PURCHASE2
17141390,l0,X3,c2,56036,12.47,True,NOTINVOLVED_PURCHASE
17290236,x3,X5,c3,101719,2.89,True,SHADOW_PURCHASE3
18396932,l12,X3,c1,83284,3.82,True,NOTINVOLVED_PURCHASE
18421013,l10,X4,c3,47083,4.57,True,NOTINVOLVED_PURCHASE
18498327,l15,X2,c4,72212,11.86,True,NOTINVOLVED_PURCHASE
18566866,l14,X3,c1,119534,3.12,True,NOTINVOLVED_PURCHASE
18601710,A3,a3,c1,108108,2.24,True,SHADOW_PURCHASE1
18710087,l2,X3,c1,69269,3.08,True,NOTINVOLVED_PURCHASE
18725476,A5,X6,c6,46289,4.15,True,NORMAL_PURCHASE
18732371,l11,X0,c6,103962,8.13,True,NOTINVOLVED_PURCHASE
18785042,l13,X2,c1,40017,2.31,True,NOTINVOLVED_PURCHASE
18802898,l17,X3,c1,76068,2.82,True,NOTINVOLVED_PURCHASE
18879094,a3,x1,c1,108108,2.05,False,SHADOW_PURCHASE2
18883344,l9,X0,c1,71806,3.6,True,NOTINVOLVED_PURCHASE
18890857,A1,a5,c5,53833,14.31,True,SHADOW_PURCHASE1
18901344,l16,X0,c2,58786,11.7,True,NOTINVOLVED_PURCHASE
18914615,A2,X3,c1,103793,2.46,True,NORMAL_PURCHASE
18915916,l1,X0,c6,114796,4.87,True,NOTINVOLVED_PURCHASE
18926492,A4,X1,c5,40846,27.36,True,NORMAL_PURCHASE
18934061,A7,a2,c1,103180,2.72,True,SHADOW_PURCHASE1
18969859,l19,X4,c4,67131,10.59,True,NOTINVOLVED_PURCHASE
18974563,l4,X5,c1,112791,2.16,True,NOTINVOLVED_PURCHASE
19020547,l3,X0,c1,107415,3.83,True,NOTINVOLVED_PURCHASE
19141352,l6,X6,c1,116212,3.26,True,NOTINVOLVED_PURCHASE
19141761,x1,X2,c1,108108,1.67,True,SHADOW_PURCHASE3
19163831,a5,x3,c5,53833,5.52,False,SHADOW_PURCHASE2
19183310,a2,x0,c1,103180,2.12,False,SHADOW_PURCHASE2
19236877,A6,X5,c3,109843,3.36,True,NORMAL_PURCHASE
19247357,l8,X5,c3,117956,3.49,True,NOTINVOLVED_PURCHASE
19258073,l5,X5,c1,46505,3.78,True,NOTINVOLVED_PURCHASE
19289125,l18,X3,c1,84637,3.57,True,NOTINVOLVED_PURCHASE
19436622,x3,X3,c5,53833,3.6,True,SHADOW_PURCHASE3
19436712,x0,X3,c1,103180,1.77,True,SHADOW_PURCHASE3
19533335,l7,X6,c1,81199,2.18,True,NOTINVOLVED_PURCHASE
19600093,A0,a0,c5,74580,20.88,True,SHADOW_PURCHASE1
19636740,l0,X5,c1,31508,2.93,True,NOTINVOLVED_PURCHASE
19880788,a0,x4,c5,74580,8.29,False,SHADOW_PURCHASE2
20117174,x4,X1,c5,74580,6.48,True,SHADOW_PURCHASE3
20961680,l15,X2,c1,87593,2.09,True,NOTINVOLVED_PURCHASE
21071788,l12,X1,c5,100999,24.42,True,NOTINVOLVED_PURCHASE
21078360,l2,X2,c4,105182,9.85,True,NOTINVOLVED_PURCHASE
21174251,A3,X1,c1,62445,3.89,True,NORMAL_PURCHASE
21192086,l14,X5,c1,108717,2.36,True,NOTINVOLVED_PURCHASE
21264575,l11,X5,c3,110871,5.1,True,NOTINVOLVED_PURCHASE
21273842,l10,X5,c3,93033,3.24,True,NOTINVOLVED_PURCHASE
21371316,A1,a4,c2,61648,8.03,True,SHADOW_PURCHASE1
21465814,A5,a5,c1,96408,3.77,True,SHADOW_PURCHASE1
21465878,l1,X2,c4,97548,7.39,True,NOTINVOLVED_PURCHASE
21485879,A7,X3,c5,109281,24.32,True,NORMAL_PURCHASE
21521733,l17,X6,c6,103636,3.38,True,NOTINVOLVED_PURCHASE
21525509,l16,X5,c6,51979,10.24,True,NOTINVOLVED_PURCHASE
21555032,l9,X0,c6,84646,9.83,True,NOTINVOLVED_PURCHASE
21565712,l19,X4,c3,56163,5.92,True,NOTINVOLVED_PURCHASE
21569967,l13,X2,c5,78185,7.36,True,NOTINVOLVED_PURCHASE
21606459,l4,X2,c3,92619,4.07,True,NOTINVOLVED_PURCHASE
21653505,a4,x3,c2,61648,5.72,False,SHADOW_PURCHASE2
21659412,A2,a2,c4,35259,16.67,True,SHADOW_PURCHASE1
21725352,a5,x5,c1,96408,2.93,False,SHADOW_PURCHASE2
21732332,A4,a1,c1,85552,3.38,True,SHADOW_PURCHASE1
21737356,A6,X0,c1,69957,3.54,True,NORMAL_PURCHASE
21777760,l3,X1,c1,101112,3.32,True,NOTINVOLVED_PURCHASE
21878628,l18,X3,c2,66422,6.5,True,NOTINVOLVED_PURCHASE
21888996,l6,X2,c4,59284,12.64,True,NOTINVOLVED_PURCHASE
21914846,x3,X3,c2,61648,2.61,True,SHADOW_PURCHASE3
21929843,a2,x3,c4,35259,6.81,False,SHADOW_PURCHASE2
21980946,x5,X4,c1,96408,1.42,True,SHADOW_PURCHASE3
22011933,a1,x1,c1,85552,3.15,False,SHADOW_PURCHASE2
22035047,l5,X3,c5,35383,25.74,True,NOTINVOLVED_PURCHASE
22041181,l7,X0,c5,116222,8.51,True,NOTINVOLVED_PURCHASE
22073262,l8,X4,c1,71786,3.13,True,NOTINVOLVED_PURCHASE
22194763,x3,X2,c4,35259,3.82,True,SHADOW_PURCHASE3
22261499,x1,X6,c1,85552,2.92,True,SHADOW_PURCHASE3
22279836,l0,X5,c6,99660,4.82,True,NOTINVOLVED_PURCHASE
22281179,A0,X5,c1,73494,2.6,True,NORMAL_PURCHASE
23474267,l12,X2,c5,96299,12.34,True,NOTINVOLVED_PURCHASE
23511192,l2,X6,c6,96212,3.77,True,NOTINVOLVED_PURCHASE
23691780,A3,a4,c5,79434,23.55,True,SHADOW_PURCHASE1
23734371,l14,X5,c1,111547,2.58,True,NOTINVOLVED_PURCHASE
23773318,l15,X6,c1,56416,3.32,True,NOTINVOLVED_PURCHASE
23956409,a4,x5,c5,79434,18.59,False,SHADOW_PURCHASE2
23986763,l10,X5,c4,64097,9.07,True,NOTINVOLVED_PURCHASE
24009898,A5,X4,c3,37247,4.79,True,NORMAL_PURCHASE
24065848,A2,X5,c6,31353,3.88,True,NORMAL_PURCHASE
24079067,l1,X0,c2,65081,11.14,True,NOTINVOLVED_PURCHASE
24083420,l16,X3,c5,90434,10.56,True,NOTINVOLVED_PURCHASE
24092906,l13,X3,c2,38312,10.87,True,NOTINVOLVED_PURCHASE
24111128,l11,X1,c5,80257,9.1,True,NOTINVOLVED_PURCHASE
24168282,l4,X5,c1,68586,3.49,True,NOTINVOLVED_PURCHASE
24222002,A6,X0,c1,53006,3.96,True,NORMAL_PURCHASE
24225403,x5,X0,c5,79434,11.91,True,SHADOW_PURCHASE3
24254947,l17,X6,c1,115693,2.75,True,NOTINVOLVED_PURCHASE
24261118,A1,X3,c2,81679,6.11,True,NORMAL_PURCHASE
24275158,l19,X0,c5,45132,19.45,True,NOTINVOLVED_PURCHASE
24307283,A7,a4,c2,38289,9.67,True,SHADOW_PURCHASE1
24356367,l9,X3,c2,30325,7.39,True,NOTINVOLVED_PURCHASE
24453841,A4,a0,c3,91911,2.17,True,SHADOW_PURCHASE1
24496919,l3,X5,c1,103899,3.1,True,NOTINVOLVED_PURCHASE
24550735,l18,X2,c1,64471,2.41,True,NOTINVOLVED_PURCHASE
24576736,a4,x5,c2,38289,7.32,False,SHADOW_PURCHASE2
24667908,l6,X6,c1,61493,2.49,True,NOTINVOLVED_PURCHASE
24709062,a0,x5,c3,91911,1.36,False,SHADOW_PURCHASE2
24732723,l8,X0,c1,38075,3.85,True,NOTINVOLVED_PURCHASE
24817153,x5,X3,c2,38289,5.92,True,SHADOW_PURCHASE3
24859734,l0,X6,c1,35477,2.61,True,NOTINVOLVED_PURCHASE
24885494,l7,X6,c6,112890,6.21,True,NOTINVOLVED_PURCHASE
24907399,A0,X0,c5,66637,21.62,True,NORMAL_PURCHASE
24923034,l5,X0,c2,50603,5.34,True,NOTINVOLVED_PURCHASE
24951612,x5,X4,c3,91911,1.0,True,SHADOW_PURCHASE3
25897696,l2,X0,c6,67670,6.09,True,NOTINVOLVED_PURCHASE
25922220,l12,X2,c3,113379,4.04,True,NOTINVOLVED_PURCHASE
26474038,l16,X3,c1,41354,2.46,True,NOTINVOLVED_PURCHASE
26526980,l14,X4,c4,46324,12.69,True,NOTINVOLVED_PURCHASE
26535938,A3,a4,c5,50290,10.36,True,SHADOW_PURCHASE1
26579117,A2,a2,c2,91114,5.93,True,SHADOW_PURCHASE1
26586568,l15,X0,c2,67560,8.91,True,NOTINVOLVED_PURCHASE
26696348,l10,X3,c1,115120,2.42,True,NOTINVOLVED_PURCHASE
26719611,l11,X5,c4,45022,8.26,True,NOTINVOLVED_PURCHASE
26781940,a4,x1,c5,50290,5.6,False,SHADOW_PURCHASE2
26840716,l17,X5,c3,58250,5.09,True,NOTINVOLVED_PURCHASE
26851841,l13,X2,c1,60446,2.38,True,NOTINVOLVED_PURCHASE
26852661,A5,X5,c6,80225,8.65,True,NORMAL_PURCHASE
26857382,a2,x0,c2,91114,4.1,False,SHADOW_PURCHASE2
26866382,l4,X5,c1,62009,2.27,True,NOTINVOLVED_PURCHASE
26878883,l1,X0,c5,70756,22.23,True,NOTINVOLVED_PURCHASE
26884535,A7,X4,c1,67102,3.46,True,NORMAL_PURCHASE
26942861,A6,a2,c4,94499,13.24,True,SHADOW_PURCHASE1
26985989,A1,a5,c6,97868,3.72,True,SHADOW_PURCHASE1
26987012,l19,X0,c6,92057,3.43,True,NOTINVOLVED_PURCHASE
27017461,x1,X2,c5,50290,2.83,True,SHADOW_PURCHASE3
27017828,A4,X5,c6,109791,5.56,True,NORMAL_PURCHASE
27044082,l9,X4,c3,44714,5.65,True,NOTINVOLVED_PURCHASE
27126395,x0,X3,c2,91114,2.48,True,SHADOW_PURCHASE3
27214044,a2,x4,c4,94499,6.95,False,SHADOW_PURCHASE2
27226715,a5,x5,c6,97868,2.48,False,SHADOW_PURCHASE2
27299417,l6,X6,c1,109628,2.39,True,NOTINVOLVED_PURCHASE
27338023,l8,X1,c4,37096,15.27,True,NOTINVOLVED_PURCHASE
27338323,l3,X0,c6,36033,10.09,True,NOTINVOLVED_PURCHASE
27349237,l7,X6,c1,95828,3.54,True,NOTINVOLVED_PURCHASE
27417338,l18,X4,c1,111002,3.5,True,NOTINVOLVED_PURCHASE
27420418,A0,a2,c2,82193,6.82,True,SHADOW_PURCHASE1
27452789,x4,X1,c4,94499,3.02,True,SHADOW_PURCHASE3
27499328,x5,X0,c6,97868,1.22,True,SHADOW_PURCHASE3
27683542,a2,x5,c2,82193,4.24,False,SHADOW_PURCHASE2
27689991,l0,X1,c5,42984,9.64,True,NOTINVOLVED_PURCHASE
27803540,l5,X3,c1,54407,3.51,True,NOTINVOLVED_PURCHASE
27945139,x5,X0,c2,82193,2.63,True,SHADOW_PURCHASE3
28422792,l12,X6,c6,77269,9.38,True,NOTINVOLVED_PURCHASE
28562075,l2,X6,c6,55580,9.48,True,NOTINVOLVED_PURCHASE
28955122,l15,X5,c4,41605,15.01,True,NOTINVOLVED_PURCHASE
29011140,A3,X3,c2,38233,7.4,True,NORMAL_PURCHASE
29163501,l14,X4,c3,101468,5.26,True,NOTINVOLVED_PURCHASE
29296429,l13,X2,c3,83347,5.98,True,NOTINVOLVED_PURCHASE
29307692,A5,a4,c3,44375,2.71,True,SHADOW_PURCHASE1
29310659,l16,X2,c3,84518,3.01,True,NOTINVOLVED_PURCHASE
29342917,l10,X5,c3,101436,4.66,True,NOTINVOLVED_PURCHASE
29446661,l1,X1,c1,66906,2.12,True,NOTINVOLVED_PURCHASE
29462781,A2,X5,c3,107042,2.73,True,NORMAL_PURCHASE
29492069,A7,X3,c1,119466,3.28,True,NORMAL_PURCHASE
29524557,l17,X5,c6,75633,4.41,True,NOTINVOLVED_PURCHASE
29533956,A4,X1,c1,36716,3.54,True,NORMAL_PURCHASE
29562562,l4,X0,c1,75212,2.11,True,NOTINVOLVED_PURCHASE
29586281,l19,X0,c6,37805,9.56,True,NOTINVOLVED_PURCHASE
29586294,a4,x1,c3,44375,2.58,False,SHADOW_PURCHASE2
29601875,l11,X2,c5,99418,8.93,True,NOTINVOLVED_PURCHASE
29612933,A1,a5,c1,30668,2.85,True,SHADOW_PURCHASE1
29719703,l9,X2,c4,96626,9.29,True,NOTINVOLVED_PURCHASE
29731003,A6,X1,c1,48099,2.16,True,NORMAL_PURCHASE
29820818,l7,X6,c1,57392,2.52,True,NOTINVOLVED_PURCHASE
29837105,x1,X2,c3,44375,1.12,True,SHADOW_PURCHASE3
29858070,l3,X3,c5,44418,16.58,True,NOTINVOLVED_PURCHASE
29864032,a5,x4,c1,30668,2.33,False,SHADOW_PURCHASE2
29997436,l8,X1,c4,50583,11.62,True,NOTINVOLVED_PURCHASE
30025353,l6,X5,c1,47835,3.9,True,NOTINVOLVED_PURCHASE
30116766,x4,X3,c1,30668,1.49,True,SHADOW_PURCHASE3
30127395,l0,X1,c4,60836,11.91,True,NOTINVOLVED_PURCHASE
30198349,l18,X2,c1,69812,2.05,True,NOTINVOLVED_PURCHASE
30203123,A0,X4,c1,95770,2.97,True,NORMAL_PURCHASE
30687910,l5,X0,c5,79796,17.35,True,NOTINVOLVED_PURCHASE
30949203,l12,X6,c1,48580,3.06,True,NOTINVOLVED_PURCHASE
31381313,l2,X6,c6,67996,10.57,True,NOTINVOLVED_PURCHASE
31620654,l15,X0,c1,95473,3.03,True,NOTINVOLVED_PURCHASE
31780962,l10,X1,c1,93772,2.95,True,NOTINVOLVED_PURCHASE
31803297,A3,X5,c4,83797,11.89,True,NORMAL_PURCHASE
31809774,l13,X2,c5,60009,18.28,True,NOTINVOLVED_PURCHASE
31814501,A5,a1,c4,55826,6.03,True,SHADOW_PURCHASE1
31881886,l1,X3,c1,84151,3.13,True,NOTINVOLVED_PURCHASE
31954506,l4,X5,c3,47579,4.34,True,NOTINVOLVED_PURCHASE
31987366,l14,X3,c5,80906,19.34,True,NOTINVOLVED_PURCHASE
32042097,l16,X2,c5,74343,7.5,True,NOTINVOLVED_PURCHASE
32059267,A2,X5,c6,113734,2.99,True,NORMAL_PURCHASE
32082907,a1,x4,c4,55826,4.69,False,SHADOW_PURCHASE2
32115430,l9,X2,c4,35858,8.9,True,NOTINVOLVED_PURCHASE
32189402,l17,X3,c2,111436,6.52,True,NOTINVOLVED_PURCHASE
32218892,A7,a3,c1,74369,3.09,True,SHADOW_PURCHASE1
32300326,A4,a1,c6,46340,3.87,True,SHADOW_PURCHASE1
32309644,l19,X4,c3,119447,2.79,True,NOTINVOLVED_PURCHASE
32317745,l11,X5,c3,70725,3.32,True,NOTINVOLVED_PURCHASE
32340716,x4,X4,c4,55826,3.09,True,SHADOW_PURCHASE3
32425231,A1,X3,c1,84083,2.02,True,NORMAL_PURCHASE
32456151,A6,X0,c1,62019,3.46,True,NORMAL_PURCHASE
32493763,a3,x0,c1,74369,2.96,False,SHADOW_PURCHASE2
32508123,l0,X5,c1,59077,3.62,True,NOTINVOLVED_PURCHASE
32524449,l7,X0,c1,44594,3.38,True,NOTINVOLVED_PURCHASE
32535415,l3,X5,c6,107614,8.96,True,NOTINVOLVED_PURCHASE
32571491,l18,X2,c4,108496,6.56,True,NOTINVOLVED_PURCHASE
32582854,a1,x0,c6,46340,3.47,False,SHADOW_PURCHASE2
32737945,A0,a5,c6,51055,3.78,True,SHADOW_PURCHASE1
32754221,x0,X5,c1,74369,1.53,True,SHADOW_PURCHASE3
32764783,l6,X1,c1,111714,3.96,True,NOTINVOLVED_PURCHASE
32771376,l8,X4,c4,48403,12.72,True,NOTINVOLVED_PURCHASE
32824121,x0,X5,c6,46340,2.98,True,SHADOW_PURCHASE3
32981263,a5,x3,c6,51055,1.94,False,SHADOW_PURCHASE2
33225699,x3,X5,c6,51055,1.0,True,SHADOW_PURCHASE3
33320335,l5,X1,c1,66313,3.13,True,NOTINVOLVED_PURCHASE
33402403,l12,X6,c6,52319,9.75,True,NOTINVOLVED_PURCHASE
34028995,l2,X3,c5,46789,13.88,True,NOTINVOLVED_PURCHASE
34391077,l4,X3,c2,70097,12.68,True,NOTINVOLVED_PURCHASE
34392325,l15,X6,c6,49625,9.5,True,NOTINVOLVED_PURCHASE
34406947,l13,X2,c5,115699,14.52,True,NOTINVOLVED_PURCHASE
34418468,A3,a0,c3,100809,4.83,True,SHADOW_PURCHASE1
34496130,l1,X0,c2,37199,3.59,True,NOTINVOLVED_PURCHASE
34551197,l10,X4,c1,63122,2.93,True,NOTINVOLVED_PURCHASE
34594965,l16,X2,c4,104218,7.22,True,NOTINVOLVED_PURCHASE
34629591,A5,X6,c6,49246,8.67,True,NORMAL_PURCHASE
34651733,A2,X5,c6,101209,3.06,True,NORMAL_PURCHASE
34689103,a0,x4,c3,100809,3.17,False,SHADOW_PURCHASE2
34828271,l14,X4,c1,81582,3.83,True,NOTINVOLVED_PURCHASE
34851864,A7,X2,c5,96585,21.88,True,NORMAL_PURCHASE
34938231,l9,X4,c1,43515,2.66,True,NOTINVOLVED_PURCHASE
34942385,l3,X3,c1,85001,1.99,True,NOTINVOLVED_PURCHASE
34958361,l17,X5,c6,92356,2.79,True,NOTINVOLVED_PURCHASE
34959335,x4,X4,c3,100809,2.03,True,SHADOW_PURCHASE3
34976587,l11,X2,c5,55055,23.93,True,NOTINVOLVED_PURCHASE
35002371,A4,a0,c5,39393,24.86,True,SHADOW_PURCHASE1
35133119,l19,X3,c1,55799,2.96,True,NOTINVOLVED_PURCHASE
35199714,l18,X3,c2,64553,11.8,True,NOTINVOLVED_PURCHASE
35274470,A1,X3,c2,93208,12.84,True,NORMAL_PURCHASE
35285377,a0,x0,c5,39393,21.58,False,SHADOW_PURCHASE2
35292014,l0,X3,c5,56514,21.92,True,NOTINVOLVED_PURCHASE
35299948,A6,a5,c2,48304,5.76,True,SHADOW_PURCHASE1
35303687,l7,X4,c3,117416,3.68,True,NOTINVOLVED_PURCHASE
35317662,A0,X5,c6,59444,10.54,True,NORMAL_PURCHASE
35337668,l6,X2,c5,114415,26.78,True,NOTINVOLVED_PURCHASE
35519862,x0,X3,c5,39393,9.2,True,SHADOW_PURCHASE3
35564809,a5,x3,c2,48304,4.67,False,SHADOW_PURCHASE2
35578533,l8,X5,c1,38152,2.02,True,NOTINVOLVED_PURCHASE
35807423,x3,X3,c2,48304,2.1,True,SHADOW_PURCHASE3
35951255,l5,X3,c5,104248,12.36,True,NOTINVOLVED_PURCHASE
36098912,l12,X1,c1,118988,2.7,True,NOTINVOLVED_PURCHASE
36494327,l2,X3,c1,112001,2.56,True,NOTINVOLVED_PURCHASE
36919278,A3,X5,c6,89982,4.46,True,NORMAL_PURCHASE
36933311,l4,X2,c4,75099,15.68,True,NOTINVOLVED_PURCHASE
36943749,l1,X0,c2,65362,9.45,True,NOTINVOLVED_PURCHASE
37048129,A5,X6,c1,74950,2.26,True,NORMAL_PURCHASE
37114593,l15,X0,c1,51789,3.78,True,NOTINVOLVED_PURCHASE
37251377,l13,X1,c4,30114,9.93,True,NOTINVOLVED_PURCHASE
37312356,l10,X5,c1,57238,3.15,True,NOTINVOLVED_PURCHASE
37369561,l16,X2,c1,101521,2.56,True,NOTINVOLVED_PURCHASE
37418013,l17,X3,c5,86972,17.89,True,NOTINVOLVED_PURCHASE
37423283,A2,X5,c6,113375,6.81,True,NORMAL_PURCHASE
37528167,l9,X3,c1,30101,2.44,True,NOTINVOLVED_PURCHASE
37578154,l18,X0,c1,36157,2.73,True,NOTINVOLVED_PURCHASE
37581155,l14,X3,c1,111030,2.46,True,NOTINVOLVED_PURCHASE
37596689,A7,a0,c6,95868,7.96,True,SHADOW_PURCHASE1
37616742,A4,a1,c5,42453,22.12,True,SHADOW_PURCHASE1
37703968,l11,X0,c6,52283,7.41,True,NOTINVOLVED_PURCHASE
37718823,l3,X3,c2,55292,7.69,True,NOTINVOLVED_PURCHASE
37820731,A1,a2,c1,55202,3.31,True,SHADOW_PURCHASE1
37865847,l6,X6,c1,54540,3.07,True,NOTINVOLVED_PURCHASE
37868793,a1,x1,c5,42453,9.7,False,SHADOW_PURCHASE2
37872935,a0,x0,c6,95868,3.25,False,SHADOW_PURCHASE2
37907454,A0,X5,c1,64263,3.94,True,NORMAL_PURCHASE
37994155,l19,X4,c1,112526,3.12,True,NOTINVOLVED_PURCHASE
38002679,l7,X3,c5,45118,19.37,True,NOTINVOLVED_PURCHASE
38068537,a2,x4,c1,55202,2.74,False,SHADOW_PURCHASE2
38119479,x0,X5,c6,95868,2.51,True,SHADOW_PURCHASE3
38138779,A6,X1,c5,115299,17.87,True,NORMAL_PURCHASE
38153629,x1,X2,c5,42453,6.44,True,SHADOW_PURCHASE3
38158752,l0,X1,c5,114621,18.43,True,NOTINVOLVED_PURCHASE
38323278,x4,X1,c1,55202,1.46,True,SHADOW_PURCHASE3
38392018,l8,X0,c2,97391,6.68,True,NOTINVOLVED_PURCHASE
38521937,l5,X0,c2,98807,12.22,True,NOTINVOLVED_PURCHASE
38787570,l12,X3,c1,98812,2.41,True,NOTINVOLVED_PURCHASE
38905422,l2,X0,c5,119394,15.41,True,NOTINVOLVED_PURCHASE
39376881,A3,a0,c1,91811,3.13,True,SHADOW_PURCHASE1
39566579,l15,X2,c5,35125,26.72,True,NOTINVOLVED_PURCHASE
39637535,a0,x1,c1,91811,2.87,False,SHADOW_PURCHASE2
39719287,l1,X3,c1,70396,2.99,True,NOTINVOLVED_PURCHASE
39737400,l4,X5,c4,79147,16.5,True,NOTINVOLVED_PURCHASE
39739597,A5,a1,c6,76827,3.54,True,SHADOW_PURCHASE1
39770352,l16,X5,c4,47421,7.49,True,NOTINVOLVED_PURCHASE
39814060,A2,X6,c1,87698,2.76,True,NORMAL_PURCHASE
39920875,x1,X4,c1,91811,1.53,True,SHADOW_PURCHASE3
39981725,l10,X3,c1,32917,2.18,True,NOTINVOLVED_PURCHASE
39996867,a1,x4,c6,76827,3.22,False,SHADOW_PURCHASE2
40049098,l13,X5,c4,68991,9.32,True,NOTINVOLVED_PURCHASE
40123354,l14,X5,c4,93907,14.5,True,NOTINVOLVED_PURCHASE
40172467,A4,X4,c3,78515,6.01,True,NORMAL_PURCHASE
40192343,l17,X3,c2,90284,9.69,True,NOTINVOLVED_PURCHASE
40233806,l18,X4,c3,56801,5.71,True,NOTINVOLVED_PURCHASE
40245870,l9,X4,c4,38957,6.87,True,NOTINVOLVED_PURCHASE
40256621,l6,X5,c3,49037,2.14,True,NOTINVOLVED_PURCHASE
40270848,x4,X6,c6,76827,3.0,True,SHADOW_PURCHASE3
40288617,l3,X0,c2,99986,4.21,True,NOTINVOLVED_PURCHASE
40321788,l11,X5,c4,59108,5.37,True,NOTINVOLVED_PURCHASE
40420111,A1,X6,c1,41061,2.61,True,NORMAL_PURCHASE
40449584,A0,X3,c1,106021,2.0,True,NORMAL_PURCHASE
40468824,A7,a0,c2,106991,5.37,True,SHADOW_PURCHASE1
40659422,l19,X6,c1,64861,3.27,True,NOTINVOLVED_PURCHASE
40709329,a0,x0,c2,106991,4.67,False,SHADOW_PURCHASE2
40779763,A6,X0,c1,63050,2.32,True,NORMAL_PURCHASE
40819076,l8,X1,c5,116798,25.92,True,NOTINVOLVED_PURCHASE
40843910,l7,X6,c1,93949,3.03,True,NOTINVOLVED_PURCHASE
40949175,l0,X5,c1,51927,3.2,True,NOTINVOLVED_PURCHASE
40951636,x0,X3,c2,106991,3.06,True,SHADOW_PURCHASE3
41088968,l5,X3,c1,31060,3.36,True,NOTINVOLVED_PURCHASE
41370434,l12,X3,c1,31024,2.52,True,NOTINVOLVED_PURCHASE
41635526,l2,X3,c2,76732,6.42,True,NOTINVOLVED_PURCHASE
41923425,A3,X5,c3,62922,2.63,True,NORMAL_PURCHASE
42125283,A5,a0,c5,40657,24.3,True,SHADOW_PURCHASE1
42187174,l15,X2,c3,41518,5.54,True,NOTINVOLVED_PURCHASE
42277537,l16,X5,c1,69107,3.82,True,NOTINVOLVED_PURCHASE
42374929,A2,a2,c3,106357,5.13,True,SHADOW_PURCHASE1
42406416,a0,x0,c5,40657,23.85,False,SHADOW_PURCHASE2
42467752,l4,X2,c3,111604,5.62,True,NOTINVOLVED_PURCHASE
42530418,l1,X2,c1,52885,2.44,True,NOTINVOLVED_PURCHASE
42649681,l14,X6,c1,109927,1.98,True,NOTINVOLVED_PURCHASE
42653636,a2,x4,c3,106357,4.09,False,SHADOW_PURCHASE2
42660301,x0,X3,c5,40657,21.07,True,SHADOW_PURCHASE3
42671859,l6,X6,c1,100751,3.03,True,NOTINVOLVED_PURCHASE
42695196,l17,X3,c5,55805,15.43,True,NOTINVOLVED_PURCHASE
42773553,l10,X1,c5,40294,20.56,True,NOTINVOLVED_PURCHASE
42799449,l13,X3,c1,46771,3.04,True,NOTINVOLVED_PURCHASE
42813364,l11,X1,c4,44245,6.79,True,NOTINVOLVED_PURCHASE
42900526,l9,X4,c1,112213,3.5,True,NOTINVOLVED_PURCHASE
42915054,A4,X5,c4,34035,5.68,True,NORMAL_PURCHASE
42917797,x4,X4,c3,106357,2.11,True,SHADOW_PURCHASE3
43022921,A0,X3,c1,53911,2.78,True,NORMAL_PURCHASE
43082424,l3,X0,c1,68359,3.73,True,NOTINVOLVED_PURCHASE
43111184,l18,X2,c4,59008,10.2,True,NOTINVOLVED_PURCHASE
43235377,A1,X3,c5,80203,19.78,True,NORMAL_PURCHASE
43259090,A7,a2,c5,69686,24.83,True,SHADOW_PURCHASE1
43380416,l8,X4,c1,78021,1.98,True,NOTINVOLVED_PURCHASE
43405432,l19,X6,c6,108176,3.73,True,NOTINVOLVED_PURCHASE
43508851,a2,x0,c5,69686,19.84,False,SHADOW_PURCHASE2
43565296,l7,X4,c4,118552,12.15,True,NOTINVOLVED_PURCHASE
43577235,A6,X6,c1,102139,2.23,True,NORMAL_PURCHASE
43754162,l5,X3,c1,54779,3.08,True,NOTINVOLVED_PURCHASE
43762363,l12,X2,c3,113311,4.29,True,NOTINVOLVED_PURCHASE
43788370,x0,X3,c5,69686,9.92,True,SHADOW_PURCHASE3
43812981,l0,X6,c1,57507,3.59,True,NOTINVOLVED_PURCHASE
44266065,l2,X6,c1,105002,2.41,True,NOTINVOLVED_PURCHASE
44440388,A3,a4,c1,107741,3.86,True,SHADOW_PURCHASE1
44674749,a4,x3,c1,107741,3.02,False,SHADOW_PURCHASE2
44863722,l16,X5,c1,109575,3.61,True,NOTINVOLVED_PURCHASE
44883866,A2,X3,c5,77178,17.18,True,NORMAL_PURCHASE
44888706,l15,X5,c3,58698,4.12,True,NOTINVOLVED_PURCHASE
44941129,x3,X2,c1,107741,2.24,True,SHADOW_PURCHASE3
44973126,A5,X4,c3,54200,3.78,True,NORMAL_PURCHASE
45026643,l1,X0,c2,68535,10.62,True,NOTINVOLVED_PURCHASE
45177142,l14,X6,c1,69185,3.12,True,NOTINVOLVED_PURCHASE
45222125,l13,X2,c1,42337,2.43,True,NOTINVOLVED_PURCHASE
45272859,l9,X3,c1,93364,3.07,True,NOTINVOLVED_PURCHASE
45331328,l10,X3,c1,40841,3.57,True,NOTINVOLVED_PURCHASE
45333078,l4,X3,c2,102979,9.18,True,NOTINVOLVED_PURCHASE
45455215,l6,X2,c3,49097,3.79,True,NOTINVOLVED_PURCHASE
45471823,A0,X5,c1,46912,2.87,True,NORMAL_PURCHASE
45476593,l17,X6,c6,109265,9.99,True,NOTINVOLVED_PURCHASE
45582965,A4,a1,c4,56357,13.24,True,SHADOW_PURCHASE1
45634129,l11,X5,c6,93877,4.73,True,NOTINVOLVED_PURCHASE
45698179,l18,X2,c3,103106,5.89,True,NOTINVOLVED_PURCHASE
45735733,l3,X3,c5,41103,12.6,True,NOTINVOLVED_PURCHASE
45836761,a1,x0,c4,56357,11.21,False,SHADOW_PURCHASE2
45839582,A1,a4,c4,65477,8.13,True,SHADOW_PURCHASE1
45921543,A7,a4,c6,102800,6.24,True,SHADOW_PURCHASE1
45943503,l19,X4,c4,40133,14.56,True,NOTINVOLVED_PURCHASE
45992083,l7,X3,c5,71974,25.79,True,NOTINVOLVED_PURCHASE
46003837,l8,X5,c4,44756,14.12,True,NOTINVOLVED_PURCHASE
46099487,x0,X2,c4,56357,6.77,True,SHADOW_PURCHASE3
46115228,a4,x1,c4,65477,7.52,False,SHADOW_PURCHASE2
46159959,a4,x3,c6,102800,4.61,False,SHADOW_PURCHASE2
46320784,A6,X1,c5,39734,11.49,True,NORMAL_PURCHASE
46359152,x1,X5,c4,65477,4.57,True,SHADOW_PURCHASE3
46402082,l12,X1,c4,84245,10.61,True,NOTINVOLVED_PURCHASE
46407809,l5,X1,c4,32060,14.6,True,NOTINVOLVED_PURCHASE
46411392,x3,X5,c6,102800,2.18,True,SHADOW_PURCHASE3
46481389,l0,X1,c4,39369,5.02,True,NOTINVOLVED_PURCHASE
46908211,A3,X5,c3,89302,2.08,True,NORMAL_PURCHASE
46931039,l2,X6,c6,62169,9.76,True,NOTINVOLVED_PURCHASE
47311016,l16,X2,c5,98459,21.59,True,NOTINVOLVED_PURCHASE
47426527,A2,X1,c5,37848,21.73,True,NORMAL_PURCHASE
47450964,A5,X0,c5,34738,23.09,True,NORMAL_PURCHASE
47552324,l1,X2,c4,68784,12.43,True,NOTINVOLVED_PURCHASE
47634830,l15,X0,c1,104392,2.55,True,NOTINVOLVED_PURCHASE
47703183,l9,X2,c1,107169,2.18,True,NOTINVOLVED_PURCHASE
47910299,l14,X6,c1,70833,3.06,True,NOTINVOLVED_PURCHASE
47976749,l6,X1,c5,98053,6.55,True,NOTINVOLVED_PURCHASE
47989197,l4,X0,c5,58324,25.9,True,NOTINVOLVED_PURCHASE
47995339,A4,a1,c2,86605,6.37,True,SHADOW_PURCHASE1
48087890,l13,X1,c5,118298,22.72,True,NOTINVOLVED_PURCHASE
48214005,l10,X4,c4,55688,15.12,True,NOTINVOLVED_PURCHASE
48258727,a1,x4,c2,86605,4.09,False,SHADOW_PURCHASE2
48300833,A0,X3,c1,91685,3.36,True,NORMAL_PURCHASE
48333341,l3,X0,c1,46875,3.23,True,NOTINVOLVED_PURCHASE
48341638,l17,X6,c6,86301,7.91,True,NOTINVOLVED_PURCHASE
48460290,l11,X0,c2,115721,10.27,True,NOTINVOLVED_PURCHASE
48535243,x4,X3,c2,86605,3.01,True,SHADOW_PURCHASE3
48536491,A1,X3,c5,35153,23.36,True,NORMAL_PURCHASE
48546994,A7,X3,c2,97321,5.12,True,NORMAL_PURCHASE
48563167,l18,X0,c1,70636,3.37,True,NOTINVOLVED_PURCHASE
48601920,l8,X0,c6,114833,4.56,True,NOTINVOLVED_PURCHASE
48752706,l7,X0,c1,113907,3.34,True,NOTINVOLVED_PURCHASE
48757642,l19,X0,c5,119572,24.59,True,NOTINVOLVED_PURCHASE
48889481,l12,X1,c5,30064,16.75,True,NOTINVOLVED_PURCHASE
48911878,l0,X5,c1,80923,3.09,True,NOTINVOLVED_PURCHASE
49071205,l5,X3,c1,32697,2.86,True,NOTINVOLVED_PURCHASE
49081753,A6,a2,c6,117614,4.5,True,SHADOW_PURCHASE1
49324520,a2,x0,c6,117614,4.5,False,SHADOW_PURCHASE2
49587778,x0,X5,c6,117614,2.51,True,SHADOW_PURCHASE3
49677148,A3,X2,c1,35928,3.76,True,NORMAL_PURCHASE
49748405,l2,X6,c6,102207,8.72,True,NOTINVOLVED_PURCHASE
49762724,l16,X2,c4,95506,16.08,True,NOTINVOLVED_PURCHASE
49824374,A5,a5,c2,76226,12.0,True,SHADOW_PURCHASE1
50099993,a5,x5,c2,76226,6.75,False,SHADOW_PURCHASE2
50131238,l1,X3,c5,32981,20.72,True,NOTINVOLVED_PURCHASE
50248932,A2,X6,c6,50868,8.79,True,NORMAL_PURCHASE
50316905,l15,X6,c1,53801,3.5,True,NOTINVOLVED_PURCHASE
50365627,x5,X3,c2,76226,4.1,True,SHADOW_PURCHASE3
50368250,l9,X2,c3,62897,3.53,True,NOTINVOLVED_PURCHASE
50389998,l4,X5,c6,56665,5.17,True,NOTINVOLVED_PURCHASE
50461601,l14,X6,c1,54844,1.99,True,NOTINVOLVED_PURCHASE
50639750,l6,X1,c5,68505,13.43,True,NOTINVOLVED_PURCHASE
50789541,A4,a3,c5,64145,11.06,True,SHADOW_PURCHASE1
50887905,l13,X1,c1,109027,2.52,True,NOTINVOLVED_PURCHASE
50892259,l17,X4,c4,98112,9.35,True,NOTINVOLVED_PURCHASE
50996880,l10,X3,c5,79275,18.85,True,NOTINVOLVED_PURCHASE
51035765,l18,X2,c3,62158,4.32,True,NOTINVOLVED_PURCHASE
51054924,a3,x1,c5,64145,10.59,False,SHADOW_PURCHASE2
51111757,l3,X1,c5,76295,16.41,True,NOTINVOLVED_PURCHASE
51153525,A0,X3,c1,39881,2.89,True,NORMAL_PURCHASE
51224017,A7,X3,c5,45809,16.22,True,NORMAL_PURCHASE
51225539,l8,X0,c2,93082,10.83,True,NOTINVOLVED_PURCHASE
51278822,l7,X6,c6,53875,4.66,True,NOTINVOLVED_PURCHASE
51299793,x1,X2,c5,64145,5.42,True,SHADOW_PURCHASE3
51318146,l11,X2,c5,42316,7.12,True,NOTINVOLVED_PURCHASE
51319220,l19,X0,c6,75303,10.27,True,NOTINVOLVED_PURCHASE
51388696,A1,a4,c4,40318,14.6,True,SHADOW_PURCHASE1
51427867,l12,X3,c1,65123,2.34,True,NOTINVOLVED_PURCHASE
51497984,l0,X6,c1,112280,2.89,True,NOTINVOLVED_PURCHASE
51563050,A6,X6,c1,98025,2.03,True,NORMAL_PURCHASE
51624376,a4,x3,c4,40318,13.52,False,SHADOW_PURCHASE2
51683853,l5,X1,c4,81911,9.01,True,NOTINVOLVED_PURCHASE
51867177,x3,X5,c4,40318,8.37,True,SHADOW_PURCHASE3
52115573,l2,X6,c6,109434,9.5,True,NOTINVOLVED_PURCHASE
52158042,l16,X3,c2,117588,6.93,True,NOTINVOLVED_PURCHASE
52259314,A3,X1,c5,33289,18.86,True,NORMAL_PURCHASE
52342778,A5,X5,c4,73007,9.18,True,NORMAL_PURCHASE
52797437,l15,X0,c6,84525,10.61,True,NOTINVOLVED_PURCHASE
52952261,l1,X1,c4,107154,11.62,True,NOTINVOLVED_PURCHASE
53020680,l14,X6,c1,62703,3.81,True,NOTINVOLVED_PURCHASE
53029183,A2,X3,c2,54472,8.53,True,NORMAL_PURCHASE
53083119,l4,X0,c5,91064,27.22,True,NOTINVOLVED_PURCHASE
53179441,l9,X3,c5,89379,12.4,True,NOTINVOLVED_PURCHASE
53430654,l6,X2,c5,63648,9.0,True,NOTINVOLVED_PURCHASE
53623709,A4,X5,c4,110826,9.13,True,NORMAL_PURCHASE
53659286,l17,X3,c2,111084,9.89,True,NOTINVOLVED_PURCHASE
53684197,l10,X5,c4,88064,6.7,True,NOTINVOLVED_PURCHASE
53768817,l13,X3,c2,30553,11.19,True,NOTINVOLVED_PURCHASE
53780734,A1,a5,c5,80539,14.76,True,SHADOW_PURCHASE1
53838997,l11,X0,c1,33089,2.55,True,NOTINVOLVED_PURCHASE
53877621,A0,X5,c1,90531,3.43,True,NORMAL_PURCHASE
53899750,l18,X4,c4,85558,12.0,True,NOTINVOLVED_PURCHASE
53914427,l3,X3,c1,50189,3.38,True,NOTINVOLVED_PURCHASE
54042513,l8,X1,c4,39463,5.46,True,NOTINVOLVED_PURCHASE
54047713,l19,X3,c2,87259,7.6,True,NOTINVOLVED_PURCHASE
54056574,a5,x3,c5,80539,8.32,False,SHADOW_PURCHASE2
54110776,A7,X3,c5,59854,10.68,True,NORMAL_PURCHASE
54136088,l7,X4,c1,81616,2.36,True,NOTINVOLVED_PURCHASE
54167311,l0,X5,c6,108122,7.34,True,NOTINVOLVED_PURCHASE
54271448,l12,X6,c6,63490,4.47,True,NOTINVOLVED_PURCHASE
54295197,x3,X1,c5,80539,3.82,True,SHADOW_PURCHASE3
54343417,l5,X3,c2,102758,10.93,True,NOTINVOLVED_PURCHASE
54378283,A6,a0,c2,38217,6.88,True,SHADOW_PURCHASE1
54584798,l16,X2,c3,45829,4.64,True,NOTINVOLVED_PURCHASE
54627018,a0,x5,c2,38217,3.99,False,SHADOW_PURCHASE2
54821617,l2,X3,c1,63657,2.03,True,NOTINVOLVED_PURCHASE
54870053,x5,X3,c2,38217,2.53,True,SHADOW_PURCHASE3
54981249,A3,X3,c2,103644,8.58,True,NORMAL_PURCHASE
55009822,A5,a4,c6,36832,8.04,True,SHADOW_PURCHASE1
55250371,a4,x4,c6,36832,6.67,False,SHADOW_PURCHASE2
55319866,l15,X6,c6,58590,3.36,True,NOTINVOLVED_PURCHASE
55430936,l1,X1,c4,52769,14.08,True,NOTINVOLVED_PURCHASE
55508461,x4,X6,c6,36832,5.81,True,SHADOW_PURCHASE3
55621724,l9,X0,c2,87930,6.39,True,NOTINVOLVED_PURCHASE
55648215,l4,X3,c1,60820,3.85,True,NOTINVOLVED_PURCHASE
55766239,A2,X5,c3,83688,3.74,True,NORMAL_PURCHASE
55824990,l14,X3,c5,111256,13.44,True,NOTINVOLVED_PURCHASE
55843738,l6,X2,c5,49982,24.27,True,NOTINVOLVED_PURCHASE
56249945,l17,X4,c4,95153,10.68,True,NOTINVOLVED_PURCHASE
56372532,l13,X3,c5,65967,14.43,True,NOTINVOLVED_PURCHASE
56388213,A4,X4,c3,80754,4.79,True,NORMAL_PURCHASE
56440481,l3,X1,c1,40014,3.69,True,NOTINVOLVED_PURCHASE
56544151,l10,X5,c4,95771,9.15,True,NOTINVOLVED_PURCHASE
56596993,l11,X0,c5,35566,11.36,True,NOTINVOLVED_PURCHASE
56609319,A1,a2,c1,106000,2.72,True,SHADOW_PURCHASE1
56641160,l7,X3,c2,38951,5.76,True,NOTINVOLVED_PURCHASE
56645532,A7,X4,c3,56345,5.1,True,NORMAL_PURCHASE
56694611,A0,X0,c1,59250,3.89,True,NORMAL_PURCHASE
56776207,l8,X0,c1,33944,3.02,True,NOTINVOLVED_PURCHASE
56777116,l18,X4,c4,40837,15.96,True,NOTINVOLVED_PURCHASE
56807360,l5,X5,c3,85983,3.91,True,NOTINVOLVED_PURCHASE
56835061,l0,X5,c6,95221,4.68,True,NOTINVOLVED_PURCHASE
56863093,a2,x0,c1,106000,1.87,False,SHADOW_PURCHASE2
56885110,l19,X3,c5,75816,21.32,True,NOTINVOLVED_PURCHASE
56967472,A6,X0,c5,87784,6.56,True,NORMAL_PURCHASE
57014723,l12,X6,c1,49799,2.41,True,NOTINVOLVED_PURCHASE
57104289,x0,X4,c1,106000,1.0,True,SHADOW_PURCHASE3
57218613,l16,X5,c1,87906,2.48,True,NOTINVOLVED_PURCHASE
57282699,l2,X6,c1,113179,3.33,True,NOTINVOLVED_PURCHASE
57404459,A3,X3,c1,101388,3.86,True,NORMAL_PURCHASE
57742326,l15,X2,c4,48974,11.71,True,NOTINVOLVED_PURCHASE
57804625,l1,X3,c2,109441,4.64,True,NOTINVOLVED_PURCHASE
57845775,A5,X5,c1,112052,2.92,True,NORMAL_PURCHASE
58017195,l9,X3,c2,70908,10.34,True,NOTINVOLVED_PURCHASE
58329723,l4,X0,c5,52955,9.55,True,NOTINVOLVED_PURCHASE
58575445,A2,X6,c6,75460,4.85,True,NORMAL_PURCHASE
58654449,l14,X3,c5,83375,8.0,True,NOTINVOLVED_PURCHASE
58699300,l6,X6,c6,48724,7.93,True,NOTINVOLVED_PURCHASE
58707751,l17,X5,c3,60590,3.63,True,NOTINVOLVED_PURCHASE
59000299,A1,X2,c3,114994,3.91,True,NORMAL_PURCHASE
59035989,A7,X2,c5,57114,27.8,True,NORMAL_PURCHASE
59037877,l3,X1,c5,79706,6.23,True,NOTINVOLVED_PURCHASE
59109410,A4,a0,c3,94145,4.06,True,SHADOW_PURCHASE1
59193391,l10,X3,c5,68330,24.22,True,NOTINVOLVED_PURCHASE
59264377,l13,X2,c1,90341,3.48,True,NOTINVOLVED_PURCHASE
59320272,A0,a3,c1,109241,3.71,True,SHADOW_PURCHASE1
59325452,l19,X3,c2,45363,11.59,True,NOTINVOLVED_PURCHASE
59366554,a0,x0,c3,94145,2.92,False,SHADOW_PURCHASE2
59437081,l5,X1,c4,47751,15.94,True,NOTINVOLVED_PURCHASE
59443791,l11,X5,c6,105780,8.42,True,NOTINVOLVED_PURCHASE
59487008,l7,X0,c5,105454,28.04,True,NOTINVOLVED_PURCHASE
59516736,l8,X0,c1,34982,3.63,True,NOTINVOLVED_PURCHASE
59586360,l18,X0,c6,61873,4.23,True,NOTINVOLVED_PURCHASE
59599497,a3,x0,c1,109241,3.4,False,SHADOW_PURCHASE2
59639156,x0,X4,c3,94145,1.2,True,SHADOW_PURCHASE3
59643986,l0,X1,c1,111750,2.99,True,NOTINVOLVED_PURCHASE
59654375,A6,a1,c2,71544,11.28,True,SHADOW_PURCHASE1
59839416,x0,X4,c1,109241,2.54,True,SHADOW_PURCHASE3
59901109,l12,X2,c4,91909,11.68,True,NOTINVOLVED_PURCHASE
59922588,a1,x0,c2,71544,9.33,False,SHADOW_PURCHASE2
59942015,A3,a3,c6,99553,9.32,True,SHADOW_PURCHASE1
60061333,l2,X0,c5,95939,19.06,True,NOTINVOLVED_PURCHASE
60076270,l16,X3,c5,30828,10.33,True,NOTINVOLVED_PURCHASE
60133440,l15,X0,c6,117758,5.5,True,NOTINVOLVED_PURCHASE
60186989,x0,X3,c2,71544,4.8,True,SHADOW_PURCHASE3
60202272,a3,x0,c6,99553,8.74,False,SHADOW_PURCHASE2
60451449,l1,X3,c1,41751,2.77,True,NOTINVOLVED_PURCHASE
60454662,x0,X5,c6,99553,6.95,True,SHADOW_PURCHASE3
60578452,l9,X4,c4,93198,8.14,True,NOTINVOLVED_PURCHASE
60695273,A5,a0,c3,85618,5.37,True,SHADOW_PURCHASE1
60937882,a0,x4,c3,85618,3.38,False,SHADOW_PURCHASE2
61019345,A2,a0,c3,102121,3.88,True,SHADOW_PURCHASE1
61046104,l4,X0,c6,34719,9.91,True,NOTINVOLVED_PURCHASE
61076721,l14,X3,c2,106939,12.95,True,NOTINVOLVED_PURCHASE
61190311,x4,X4,c3,85618,2.91,True,SHADOW_PURCHASE3
61263168,a0,x1,c3,102121,3.88,False,SHADOW_PURCHASE2
61433921,A1,X6,c6,67126,9.2,True,NORMAL_PURCHASE
61477819,l6,X6,c6,68209,10.1,True,NOTINVOLVED_PURCHASE
61478035,l17,X5,c6,30304,9.06,True,NOTINVOLVED_PURCHASE
61535799,x1,X2,c3,102121,2.17,True,SHADOW_PURCHASE3
61602254,A7,X4,c1,96080,3.08,True,NORMAL_PURCHASE
61651749,l13,X2,c5,67196,15.83,True,NOTINVOLVED_PURCHASE
61765985,l19,X0,c1,70917,2.67,True,NOTINVOLVED_PURCHASE
61768045,l3,X1,c1,118908,2.61,True,NOTINVOLVED_PURCHASE
61782428,l10,X3,c2,107949,8.14,True,NOTINVOLVED_PURCHASE
61931703,l5,X5,c1,45156,2.17,True,NOTINVOLVED_PURCHASE
61957953,A4,a5,c6,93530,6.11,True,SHADOW_PURCHASE1
62031690,A6,X5,c3,84576,2.76,True,NORMAL_PURCHASE
62044113,l18,X2,c5,73066,17.78,True,NOTINVOLVED_PURCHASE
62059484,A0,X3,c1,43797,3.74,True,NORMAL_PURCHASE
62107879,l7,X6,c6,90181,3.17,True,NOTINVOLVED_PURCHASE
62212020,l0,X6,c1,106887,3.77,True,NOTINVOLVED_PURCHASE
62231132,a5,x4,c6,93530,5.69,False,SHADOW_PURCHASE2
62258310,l11,X0,c1,117718,2.06,True,NOTINVOLVED_PURCHASE
62281554,l8,X4,c4,42540,4.95,True,NOTINVOLVED_PURCHASE
62494871,x4,X6,c6,93530,2.46,True,SHADOW_PURCHASE3
62518545,l15,X0,c2,32744,9.18,True,NOTINVOLVED_PURCHASE
62581256,l12,X6,c6,119793,9.54,True,NOTINVOLVED_PURCHASE
62786252,A3,X5,c4,53046,8.65,True,NORMAL_PURCHASE
62839585,l2,X2,c4,118232,11.82,True,NOTINVOLVED_PURCHASE
62889434,l16,X0,c2,78294,8.55,True,NOTINVOLVED_PURCHASE
63008987,l1,X1,c4,69881,11.94,True,NOTINVOLVED_PURCHASE
63067780,l9,X0,c2,87704,10.4,True,NOTINVOLVED_PURCHASE
